3546 5950
451 579 500 633 on
519 583 784 636 sunmroronvrs
800 581 905 636 vuius
923 583 1079 636 mrvms.
1357 567 1427 638 119

103 765 213 816 certum
238 762 286 815 est
310 753 391 831 quod
416 755 447 813 in
474 755 539 815 eius
565 755 625 814 fine
649 756 767 816 litterae
795 771 944 816 εετιτνιιι
970 757 1067 816 adhuc
1093 766 1268 834 supersunt3
1295 758 1429 818 secunda

103 875 168 916 cum
194 857 272 916 inter
296 856 353 916 has
380 855 455 916 duas
483 856 573 916 aedes
599 857 681 916 aliud
698 856 874 934 aedificium
900 875 961 916 non
986 858 1155 918 interfuerit
1180 860 1304 919 alterius
1331 859 1427 918 utrius

103 957 189 1015 fuerit
213 974 337 1018 necesse
364 967 421 1017 est.
462 957 596 1018 Litterae
623 966 723 1018 autem
745 973 890 1018 ssrrrvsr
915 959 946 1017 in
971 960 1095 1035 zephori
1116 960 1256 1020 inferiore
1276 969 1361 1038 parte
1382 961 1427 1020 in·

103 1059 181 1116 cisae
200 1067 282 1131 sunt,
303 1064 456 1136 totamque
470 1059 705 1135 inscriptionem,
726 1059 811 1118 ouius
828 1078 881 1118 ese
896 1069 967 1118 sunt
980 1060 1102 1118 ultimae
1116 1060 1242 1135 litterae,
1265 1079 1323 1122 unc
1339 1079 1428 1120 versu

103 1176 166 1217 sese
188 1159 386 1237 perscriptam
408 1160 571 1220 Henzenus
592 1161 751 1219 intellexit.
794 1158 871 1221 Com
893 1160 971 1219 enim
992 1161 1062 1219 illae
1084 1168 1151 1220 octo
1173 1161 1291 1222 litterae
1311 1171 1427 1239 partem

104 1277 166 1317 eam
191 1261 319 1336 zophori
340 1278 419 1337 quae
440 1267 487 1324 est
507 1279 600 1339 supra
620 1268 787 1320 extremum
808 1260 1068 1321 intercolumnium
1089 1262 1132 1321 ita
1152 1270 1299 1341 occupent
1323 1269 1357 1322 ut
1376 1280 1428 1321 va·

103 1377 186 1418 cuum
207 1361 345 1420 relictum
368 1362 408 1422 sit
428 1363 557 1440 spatium
581 1361 706 1422 dumam
728 1362 904 1434 litterarum,
925 1370 1021 1422 totum
1043 1381 1163 1422 versum
1186 1382 1278 1439 supra
1298 1364 1428 1440 quinque

101 1458 328 1522 intercolumnia
355 1465 499 1540 scriptum
526 1471 571 1523 tot
597 1465 659 1523 fere
687 1463 830 1522 habuisse
855 1463 969 1522 litteras
998 1464 1166 1524 certissime
1193 1473 1327 1537 constat,
1355 1471 1429 1540 quot

103 1563 219 1621 suntin
243 1583 281 1623 ea
300 1565 504 1643 inscriptione.
540 1566 647 1642 Itaque
669 1583 735 1625 cnm
757 1565 845 1623 trium
866 1563 988 1623 illarum
1006 1565 1245 1642 inscriptionum,
1266 1583 1341 1640 quas
1355 1563 1428 1622 Ein-

103 1662 259 1724 siedlensis
280 1668 455 1726 coniunctas
476 1667 577 1740 habet,
601 1667 699 1744 prima
721 1672 815 1726 totum
837 1667 1003 1743 zophorum
1025 1666 1109 1725 aedis
1131 1674 1201 1725 octo
1222 1665 1427 1724 columnarum

103 1773 236 1841 occupet,
257 1767 345 1827 tertis
365 1769 396 1826 in
419 1768 493 1828 aede
514 1786 591 1845 quae
607 1768 747 1846 proxima
761 1775 808 1826 est
821 1767 945 1844 zophori
960 1777 1075 1844 partem
1089 1767 1271 1840 inferiorem,
1293 1767 1428 1845 sequitur

104 1873 134 1923 ct
157 1867 292 1926 secunde
316 1869 412 1930 incisa
435 1869 525 1928 fuerit
550 1871 580 1928 in
607 1869 740 1928 eiusdem
767 1867 890 1946 zephori
915 1877 1000 1946 parte
1021 1869 1184 1946 superiore.
1227 1865 1308 1926 Nam
1330 1885 1427 1944 neque

103 1966 215 2026 videtur
244 1969 322 2028 alius
349 1970 434 2030 locus
460 1971 588 2030 inveniri
611 1988 717 2047 posse,
745 1970 797 2028 ubi
818 1968 966 2028 eiusmodi
987 1969 1211 2046 inscriptionem
1231 1969 1326 2028 fnisse
1346 1987 1427 2026 com·

103 2067 184 2127 mode
204 2079 334 2143 sumas,
358 2089 413 2130 nec
434 2070 577 2132 credibile
598 2081 645 2130 est
664 2071 789 2148 zephori
811 2071 938 2130 alicuius
959 2087 1027 2128 esse
1047 2070 1222 2146 inscriptam
1244 2079 1359 2146 partem
1382 2069 1428 2126 in·

102 2167 249 2242 seriorem,
273 2189 395 2230 vacuam
417 2174 554 2233 relictam
576 2173 770 2250 superiorem.
811 2172 925 2231 Aedem
947 2171 1037 2247 igitur
1057 2169 1143 2229 cuius
1164 2187 1245 2229 nunc
1266 2176 1429 2246 supersunt

103 2279 159 2330 tres
181 2271 341 2332 columnae
363 2281 488 2351 apparet
509 2275 603 2333 visam
625 2291 693 2334 esse
714 2274 753 2332 ab
774 2271 980 2332 llinsiedlensi
1002 2271 1046 2330 sic
1067 2272 1257 2348 inscriptam:

401 2407 501 2452 urvo·
517 2405 920 2453 VESPA81ANO·AVGVSTO·
936 2405 975 2449 s·
991 2407 1029 2448 r·
1046 2406 1125 2463 ogr
1353 2457 1356 2462 ,
1428 2383 1434 2395 “

170 2507 243 2550 mre
258 2519 266 2536 ·
281 2507 396 2553 caess·
412 2507 543 2554 severus
558 2523 565 2538 ·
582 2511 636 2554 ιτ·
652 2507 840 2554 aaronitas
856 2521 863 2536 ·
878 2507 915 2550 en
931 2521 939 2536 ·
954 2506 1036 2551 rssrc
1050 2521 1058 2535 ·
1072 2505 1151 2560 sve,
1166 2518 1173 2534 ·
1231 2503 1358 2548 snrvss

103 2607 147 2667 lta
167 2611 288 2670 videtur
311 2613 535 2688 comprobatum
561 2629 629 2674 esse
650 2612 745 2672 faisse
766 2613 843 2670 banc
865 2610 969 2670 aedem
984 2608 1173 2686 Vespasiani.
1218 2605 1307 2681 Quod
1329 2606 1356 2665 si
1377 2625 1426 2666 re·

102 2729 163 2771 rum
183 2719 234 2773 est
255 2712 346 2775 simul
367 2713 558 2793 exploratum
578 2723 627 2775 est
647 2713 770 2774 alteram
791 2723 859 2773 octo
880 2712 1086 2772 columnarum
1107 2709 1201 2770 luisse
1222 2705 1355 2771 Saturni.

661 2905 865 2916 -a-n

749 3061 778 3120 2.

178 3179 333 3241 Grimaldi
357 3182 389 3239 in
410 3181 513 3242 codiee
527 3181 674 3241 Vaticano
690 3179 771 3240 6438
793 3196 823 3256 p.
840 3178 920 3238 4οΒ
945 3179 1020 3238 baec
1041 3177 1160 3236 scribit:
1190 3173 1295 3245 Quarto
1316 3190 1366 3231 ero
1386 3191 1425 3231 aa

99 3297 171 3354 prou
188 3301 278 3358 peace
299 3285 330 3342 di
350 3301 458 3342 mortno
481 3301 533 3343 occ
555 3283 650 3342 lettere
671 3284 758 3357 quasi
779 3281 913 3351 cubitali,
941 3287 1043 3339 cavom
1070 3274 1265 3335 tann01612
1285 3273 1333 3332 nel
1352 3289 1426 3332 mese

100 3383 129 3439 di
147 3383 253 3442 Marso
273 3384 358 3443 aella
373 3385 470 3444 obessa
489 3384 522 3442 di
543 3383 636 3443 Sarte
657 3381 761 3439 Morta
780 3399 856 3440 acco
883 3379 943 3455 [est
963 3379 1054 3438 aedes
1077 3377 1115 3435 ad
1136 3376 1234 3434 forum
1255 3373 1424 3432 Romanum

100 3482 163 3553 tila,
184 3502 265 3561 quae
284 3503 363 3544 nnnc
377 3484 467 3561 vulgo
489 3485 599 3543 dicitur
613 3481 644 3544 S.
659 3481 837 3541 Franciscae
852 3477 1018 3553 Romanae]
1041 3477 1235 3553 disfocsndosi
1257 3472 1425 3549 lsooppelle

97 3601 148 3657 per
166 3585 274 3660 nyarle
293 3589 324 3645 ia
343 3587 459 3662 miqlr'or
472 3588 583 3661 forrata,
606 3593 632 3642 et
645 3585 685 3659 fis
705 3591 814 3642 nocato
835 3581 905 3640 nelli
918 3581 1100 3654 fondamenti
1120 3580 1152 3636 dt
1173 3578 1245 3635 detta
1261 3573 1424 3650 cappellae

100 3701 179 3744 mano
205 3688 309 3746 Mtte
334 3688 488 3757 macario,
513 3685 605 3743 doado
630 3687 656 3742 ai
678 3687 738 3760 pat
765 3685 952 3741 ooniettarore
977 3679 1027 3738 obe
1055 3681 1175 3738 servisse
1196 3687 1222 3738 et
1235 3679 1321 3754 suess
1334 3674 1423 3750 frop·

100 3798 183 3848 necto
205 3790 239 3848 da·
258 3807 298 3848 sot
317 3789 481 3848 orobitrooc
501 3787 549 3845 dcl
565 3787 679 3862 portico
699 3782 747 3841 dcl
767 3785 867 3858 mmpio
889 3781 967 3840 dello
988 3779 1081 3840 Paos:
1093 3778 1123 3855 ¹)

629 3915 816 3960 srssrsn
831 3899 863 3960 11

630 3994 892 4060 ravin-rimeris

606 4081 913 4096 —ffl———ss—

627 4153 742 4199 avssvs
757 4166 765 4182 ·
781 4152 817 4194 ιτ
830 4164 838 4204 2
849 4153 893 4193 Αιι

99 4259 239 4322 Eiusdem
267 4260 399 4340 epistylii
421 4261 538 4319 ridetur
564 4257 659 4318 fuisse
684 4273 755 4334 pars
782 4254 820 4314 de
847 4272 909 4331 qua
934 4253 1018 4314 solus
1043 4258 1169 4312 testatur
1188 4244 1364 4306 Manlianius
1390 4243 1423 4302 in

99 4361 312 4442 topographiac
334 4361 416 4422 urbis
430 4362 546 4420 Romae
566 4358 698 4418 editione
718 4357 799 4416 facta
819 4373 848 4414 a.
864 4354 944 4413 1534
965 4353 1081 4413 Romae
1101 4368 1155 4427 per
1168 4345 1335 4407 Antonium
1350 4343 1420 4402 Bla-

98 4460 166 4521 dnm
186 4463 241 4522 lib.
256 4462 287 4522 11
309 4481 374 4539 cap.
389 4461 436 4521 IV
456 4462 505 4522 his
527 4461 641 4519 verbis·
666 4455 762 4517 ‘Hanc
784 4455 889 4515 sedem
910 4452 1033 4514 Saturni
1052 4451 1180 4511 dicimus
1201 4446 1330 4525 positam
1352 4462 1423 4504 esse

104 4581 139 4621 eo
165 4563 195 4620 in
223 4564 306 4636 loco,
334 4565 384 4623 nbi
409 4563 513 4640 paucis
540 4571 610 4622 ante
635 4559 722 4620 annis
749 4557 848 4616 iuerat
872 4575 942 4614 cum
962 4553 1037 4614 turri
1058 4550 1202 4612 sacellum
1223 4535 1422 4624 cognomento

97 4659 134 4723 '.S
149 4662 347 4725 salvatoris
339 4685 370 4724 ιιι
391 4664 530 4737 Aerario,
550 4663 726 4724 incumbens
747 4659 890 4740 hospitali
912 4655 944 4717 S.
958 4653 1100 4714 Mariae
1091 4672 1124 4711 ιιι
1144 4649 1277 4709 Portica.
1313 4645 1421 4706 Turris

177 4855 201 4918 ι>
230 4856 347 4907 Eandem
366 4855 560 4922 inscriptlonem
579 4854 703 4904 exhibent
720 4853 758 4903 M.
777 4851 895 4902 Milesius
913 4849 940 4898 in
960 4845 1048 4897 codiee
1066 4839 1225 4894 Ferrariensi
1245 4839 1269 4900 1,
1285 4837 1352 4897 344,
1376 4835 1421 4900 qui

98 4945 159 4996 dicit
176 4961 234 4997 esse
250 4947 341 4999 littoris
359 4947 500 4998 maioribus
518 4951 647 5010 repertam
665 4945 692 4995 ln
712 4941 820 4994 ecclesia
838 4941 866 4994 S.
879 4940 979 4990 Mariae
991 4937 1082 4988 Norae
1100 4946 1181 4999 prope
1199 4929 1322 4994 templum
1335 4925 1420 4986 Pacis,

98 5045 123 5087 et
138 5037 250 5089 schedae
261 5037 343 5090 Donli
359 5039 387 5089 in
400 5037 490 5090 codice
501 5035 688 5090 llamcelliano
706 5035 733 5085 A
748 5031 801 5084 293
820 5047 846 5096 p.
861 5031 914 5082 213
934 5029 977 5094 qui
995 5027 1058 5077 dicit
1070 5038 1126 5075 esse
1138 5021 1293 5087 descriptam
1312 5033 1336 5068 a.
1348 5015 1419 5066 1613

99 5127 236 5179 trieteris
258 5129 368 5195 epistylii
390 5129 534 5194 frumento
555 5133 615 5179 ante
633 5125 756 5192 templum
774 5123 851 5174 Pacis
870 5123 976 5173 iacente.
1012 5116 1141 5183 Exempla
1157 5112 1271 5180 paullum
1289 5107 1418 5166 differunt,

99 5218 125 5271 in
142 5235 166 5272 ι.
181 5221 195 5271 1
216 5227 331 5272 erasmo
348 5219 452 5272 Donius
469 5225 537 5272 recte
554 5225 583 5271 ut
602 5217 695 5285 opinor
711 5213 790 5267 habet
809 5203 870 5263 ult.
