3578 5962
664 632 892 686 FELICIANVS.

516 804 604 865 Pauli
623 806 758 882 Ramusij
780 804 1026 882 Ariminensis1).

361 904 507 968 Scribitur
528 908 658 984 antiquis
678 916 712 966 ut
732 907 843 985 pagina
863 908 1027 985 qu[a]eque
1047 907 1161 986 figuris,

400 1008 469 1068 Hoc
489 1007 687 1088 Augustini²)
707 1009 809 1069 nobile
828 1011 934 1086 pandit
955 1027 1042 1087 opus.

359 1109 450 1170 Hunc
468 1111 672 1188 igiturtacita
691 1119 792 1188 teneat
814 1111 869 1170 sub
890 1118 990 1170 mente
1009 1111 1143 1171 libellum

403 1209 550 1288 Quisquis
571 1213 737 1273 Romuleas
759 1221 845 1290 optat
864 1213 976 1273 habere
997 1221 1101 1273 notas:

361 1311 413 1374 Sic
434 1331 527 1392 uagus
549 1315 703 1374 Ausonias
725 1316 836 1392 poterit
856 1315 985 1375 transire
1007 1335 1060 1392 per
1081 1315 1170 1375 urbes

403 1415 500 1476 Tutus
521 1424 551 1477 et
572 1416 708 1494 ingentes
731 1435 874 1494 spernere
895 1417 1026 1477 diuitias.

589 1571 725 1650 VenetiJs
748 1569 968 1633 Mcoochxxr

695 1673 766 1734 xv.
788 1675 868 1751 rurtj.

196 1995 301 2057 Lucae
320 1997 458 2058 Paeiuoli
481 1999 573 2057 rerba
598 1999 651 2074 qui
677 2015 744 2057 cum
769 1999 809 2057 iis
837 2016 914 2074 quae
936 1997 1110 2058 Felicianus
1137 1997 1292 2072 disseruit,
1322 2000 1446 2073 confert,

119 2098 203 2159 facile
225 2101 335 2177 opinor
356 2099 414 2160 sibi
435 2099 642 2177 persuadebit,
671 2099 744 2160 haec
766 2099 912 2159 Paeiuolo
934 2117 994 2159 non
1015 2099 1121 2178 ignota
1141 2098 1245 2160 inisse.
1288 2098 1360 2160 Non
1381 2101 1447 2161 dico

119 2201 264 2262 celebrem
291 2209 463 2278 geometren
493 2201 568 2260 nihil
600 2202 636 2260 de
663 2218 718 2260 suo
744 2201 892 2279 proferre3
925 2201 1017 2260 immo
1044 2201 1254 2278 proportiones
1279 2201 1448 2262 litterarum

118 2300 154 2359 ad
180 2303 273 2363 alium
294 2302 448 2364 modulum
470 2312 560 2380 atque
581 2303 754 2363 Felicianus
776 2302 937 2380 expressit,
965 2302 1120 2362 liberiores
1143 2303 1310 2362 litterarum
1331 2312 1445 2365 tractus

119 2403 154 2460 ad
184 2405 382 2484 geometricas
414 2405 545 2465 rationes
577 2423 717 2464 revocare
750 2405 879 2476 studuit,
917 2404 1127 2463 nonnullarum
1156 2404 1322 2464 litterarum
1354 2406 1444 2466 etiam

118 2502 241 2564 formam
263 2505 440 2567 emendavit.
484 2503 545 2567 Sed
566 2526 643 2585 quae
665 2508 702 2566 de
722 2507 830 2566 litteris
851 2524 930 2582 quae
952 2515 1022 2566 sunt
1042 2506 1072 2565 A
1089 2507 1114 2565 B
1132 2503 1202 2566 OD
1219 2505 1245 2566 F
1263 2505 1293 2567 G
1305 2505 1337 2565 H
1359 2507 1447 2579 dixit,

118 2603 262 2666 Feliciani
284 2607 451 2684 praeceptis
474 2617 534 2666 tam
556 2608 667 2668 similia
688 2615 759 2670 sunt
780 2619 813 2668 ut
833 2626 1046 2685 nonnunquam
1067 2605 1306 2668 verbum'verbo
1323 2626 1448 2686 respon-

119 2705 192 2766 deat
230 2709 392 2768 Eiusmodi
413 2727 576 2769 cousensus
598 2711 681 2770 casui
702 2711 794 2770 tribui
816 2711 930 2787 nequit,
952 2709 1006 2769 sed
1027 2709 1114 2769 docet
1133 2708 1248 2769 Lucam
1269 2709 1445 2771 Paeiuolnm

118 2825 171 2882 pro
192 2810 313 2869 illorum
333 2819 500 2888 temporum
523 2813 740 2873 consuetudine
761 2831 888 2889 eaquae
909 2811 948 2870 ab
970 2811 1029 2870 alio
1051 2797 1131 2871 recte
1152 2812 1324 2890 excogitata
1343 2831 1449 2892 reppe-

121 2910 218 2983 risset,
240 2913 308 2972 sine
328 2913 393 2971 ulla
413 2913 597 2974 dubitatione
618 2914 649 2972 in
672 2931 759 2973 suum
782 2932 870 2973 usum
892 2913 1086 2973 convertisse.

200 3011 311 3092 Neque
331 3014 418 3074 aliter
439 3015 630 3074 statuendum
651 3015 688 3074 de
709 3016 823 3093 pictore
849 3016 926 3074 inter
947 3023 1096 3074 nostrates
1117 3014 1206 3074 facile
1225 3016 1373 3093 principe,
1397 3017 1451 3092 qui

121 3114 146 3171 si
171 3115 239 3190 quis
265 3116 344 3176 alius
371 3117 500 3174 animam
528 3116 638 3194 ubique
664 3116 796 3195 prodidit
818 3116 1070 3188 candidissimum,
1099 3115 1224 3176 Alberto
1245 3115 1373 3176 Diirero.
1417 3117 1450 3178 Is

120 3231 184 3274 cum
206 3216 239 3277 in
264 3215 342 3277 libro
368 3235 429 3293 quo
455 3217 492 3276 de
517 3218 621 3277 circini
648 3227 679 3277 et
701 3217 823 3295 regulae
845 3236 903 3278 usu
929 3217 1116 3294 exposuit³),
1147 3217 1255 3277 seriem
1281 3217 1455 3286 litterarum¹

120 3317 219 3390 pulcre
241 3317 459 3380 delineatarum
472 3327 663 3398 proponeret,
685 3339 746 3379 non
768 3320 866 3380 solum
885 3319 1002 3379 litteras
1016 3319 1102 3396 ipsas
1117 3318 1180 3377 fere
1195 3319 1271 3378 tales
1287 3319 1450 3379 delineavit

121 3418 222 3492 quales
243 3419 325 3498 apud
346 3419 525 3480 Paeiuolnm
546 3421 731 3498 reperimus,
758 3421 925 3482 sedetiam
953 3420 1068 3481 eisdem
1094 3420 1142 3479 vel
1171 3419 1332 3480 simillimis
1360 3428 1450 3495 atquo

121 3517 169 3578 hic
181 3522 347 3581 rationibus
362 3523 551 3600 geometricis
572 3525 605 3583 in
625 3523 734 3583 litteris
753 3523 975 3582 conformandis
997 3513 1071 3582 usus
1093 3529 1147 3581 est.
1169 3519 1228 3582 Ne
1242 3521 1315 3580 haec
1329 3520 1449 3598 quidem

122 3637 168 3681 res
187 3622 249 3682 iam
270 3623 402 3682 verbosa
421 3624 625 3701 disputatione
645 3621 781 3702 indigere
804 3624 921 3683 videtur
940 3632 1099 3703 postquam
1119 3624 1151 3683 in
1173 3622 1275 3682 tabula
1295 3621 1342 3682 Ill
1361 3622 1448 3682 Psoi·

123 3723 181 3781 uoli
202 3731 232 3782 et
252 3723 364 3784 Dirreri
385 3725 551 3785 litterarum
573 3727 714 3786 idoneum
736 3726 887 3805 specimen
907 3744 1076 3804 proponere
1097 3725 1199 3798 licuit;
1221 3743 1259 3784 ex
1280 3742 1340 3801 quo
1362 3723 1449 3801 l'aci·

123 3825 183 3883 noli
209 3826 322 3885 librum
350 3826 469 3886 Dirrero
495 3838 597 3887 notum
629 3828 726 3888 luisse
757 3829 831 3886 satis
861 3829 969 3906 opinor
1000 3826 1080 3887 clare
1117 3833 1251 3905 apparet.
1298 3825 1450 3886 Pictorem

123 3922 404 4006 Norimhergensem
425 3927 494 3987 aliis
509 3929 653 3989 Italorum
671 3929 758 3988 libris
780 3929 999 3990 mathematicis
1022 3947 1109 3989 usum
1130 3945 1198 3988 esse
1219 3935 1301 3988 certo
1323 3928 1450 4000 scimus3

123 4042 193 4088 sane
213 4028 390 4089 adservatur
415 4029 563 4107 hodieque
592 4031 624 4089 in
651 4031 834 4090 bibliotheca
857 4029 1100 4107 Guelferbytanae
1124 4030 1297 4106 exemplum
1322 4030 1449 4090 elemen-

124 4137 217 4190 torum
238 4130 376 4191 Euclidis
397 4129 533 4191 Venetiis
555 4151 582 4190 a
607 4130 687 4190 1505
708 4131 801 4191 latine
823 4132 971 4191 editorum
993 4133 1075 4206 quod
1089 4129 1228 4191 Dtirerus
1250 4149 1278 4188 a
1295 4129 1374 4189 1507
1391 4129 1451 4188 Ve-

124 4230 208 4290 netiis
231 4249 265 4292 se
291 4233 400 4292 emisse
426 4250 482 4291 sua
511 4250 601 4291 manu
628 4231 727 4308 primo
747 4231 822 4290 folio
843 4232 1007 4310 inscripsit.
1051 4229 1141 4304 Quod
1163 4231 1190 4289 si
1211 4228 1350 4288 Paciuoli
1372 4245 1449 4305 opus

124 4329 186 4408 ipse
207 4350 309 4393 secum
323 4331 461 4392 Venetiis
482 4333 602 4392 domum
623 4340 795 4408 reportasse
814 4332 904 4391 statui
925 4349 986 4391 non
1001 4338 1110 4409 potest,
1132 4331 1274 4406 quoniam
1295 4337 1366 4406 post
1385 4329 1451 4388 eius

124 4429 288 4494 discessum
302 4435 385 4512 typis
401 4433 584 4510 descriptum
605 4442 636 4494 et
656 4432 767 4492 editum
782 4441 839 4504 est,
860 4433 936 4492 nihil
955 4432 1057 4493 obstat
1071 4433 1229 4510 quominus
1244 4430 1354 4489 librum
1369 4429 1451 4508 apud

127 4532 219 4596 Italos
241 4536 388 4595 celebrem
411 4536 472 4596 alia
492 4535 543 4594 via
562 4533 793 4614 Norimbergam
814 4533 938 4593 allatum
958 4551 1027 4595 esse
1047 4540 1194 4612 putemus.

204 4637 350 4697 Berolini.
1045 4668 1084 4729 R.
1107 4657 1245 4729 Scsdirr.

200 4901 224 4967 ¹)
248 4903 290 4955 De
309 4904 394 4955 Paulo
412 4904 547 4956 Rsnntrsio
566 4905 620 4956 sire
632 4903 757 4956 Remusio
776 4901 957 4955 iurisconsulto
975 4901 1019 4953 vd.
1032 4899 1186 4953 Tiraboschi
1204 4896 1294 4952 stoc-to
1311 4897 1382 4953 dello
1400 4900 1452 4954 dett.

127 4987 186 5044 leat.
204 4995 260 5046 vu
280 4997 294 5045 l
315 5011 340 5061 p.
355 4996 408 5048 239
428 4995 469 5046 ed.
488 4995 565 5046 Rom.

199 5081 225 5148 ²>
249 5086 425 5153 augustinum
444 5101 581 5153 quemnam
600 5085 671 5138 dicat
688 5101 741 5138 non
760 5100 892 5152 assequor.

202 5173 227 5238 ⁸)
243 5167 459 5246 'Uadcrrceyuoty
477 5177 523 5228 der
534 5175 654 5244 Memap
665 5179 711 5229 mit
722 5176 776 5230 aaa
789 5174 896 5228 Zirclrcl
910 5173 963 5226 aad
974 5166 1150 5243 Ricdtscltcyt'.
1177 5173 1295 5227 Adhibui
1312 5172 1452 5226 sditionem

132 5267 190 5318 annl
210 5267 290 5322 1515.
326 5268 369 5322 De
387 5269 429 5322 his
446 5270 542 5322 Direri
561 5269 652 5320 studiis
671 5269 717 5321 cfr.
735 5272 770 5322 A.
788 5284 841 5321 rou
859 5268 932 5321 Zalrn
949 5260 1059 5321 Dircr’a
1076 5263 1227 5320 Kooetlcltre
1242 5282 1271 5334 p.
1283 5265 1326 5319 tt.
