3582 5956
499 619 798 674 oasnnvnmonns
817 617 933 671 amaa„
947 619 996 670 ru.
1008 619 1072 670 x11.
1375 607 1447 680 227

119 724 274 736 .-——

115 801 238 876 patiani
258 796 360 855 arbitra·
385 793 542 855 addendus
569 802 616 852 est
642 793 827 852 documentis
854 792 892 850 iis
914 811 992 869 quae
1014 792 1052 852 de
1074 793 1190 854 duobus
1211 795 1282 857 filiis
1303 807 1374 860 natu
1395 804 1451 861 mi·

119 899 211 959 nimis
234 898 274 956 ll.
297 896 403 957 Crassi
424 895 518 972 Frugi
540 895 672 954 consulis
694 913 722 952 a.
738 893 776 952 tt
804 914 834 971 p.
854 895 921 956 147.
944 893 1002 952 148
1025 897 1258 973 composuimus.
1301 901 1359 964 Est
1379 905 1450 963 item

120 1021 156 1061 eo
179 1001 300 1060 nomine
321 998 533 1071 memorabilis,
554 995 637 1073 quod
658 997 740 1055 solus
762 995 842 1073 quod
864 997 957 1055 sciam
979 1006 1115 1075 superest
1138 997 1320 1078 Vespasiani
1342 1006 1451 1082 privati

120 1105 284 1175 etiamtum,
306 1104 378 1162 item
400 1099 483 1159 solus
502 1116 686 1176 praenomen
706 1098 771 1156 eius
793 1098 874 1174 quod
895 1098 986 1157 inerit
1006 1117 1063 1159 nos
1084 1100 1180 1161 docet

205 1203 386 1265 Crassorum
408 1201 505 1280 Frugi
530 1201 635 1260 titulos
662 1201 737 1260 duos
762 1201 836 1260 mihi
856 1199 1001 1260 iudicavit
1022 1199 1187 1262 Schoenina
1210 1223 1229 1263 a
1250 1225 1296 1266 me
1318 1219 1450 1286 praeter-

120 1307 244 1380 missos,
266 1305 525 1365 Tarraconensem
546 1302 585 1375 ΙΙ,
601 1303 696 1362 4364:
719 1302 847 1361 Faustus
865 1301 968 1362 Graeci
988 1303 1083 1380 Frapa'
1103 1324 1157 1364 aer.
1181 1316 1211 1365 et
1231 1306 1449 1387 Pompeianum

122 1409 147 1468 1.
164 1405 204 1467 N.
222 1405 302 1466 2216
320 1432 358 1457 =
375 1405 469 1466 Orell.
486 1403 583 1465 4326:
606 1405 729 1464 thermae
743 1403 787 1464 M.
807 1403 908 1464 Crassi
924 1405 1017 1482 stays·
1037 1425 1115 1482 aqua
1135 1412 1250 1468 mariae
1263 1419 1289 1468 ct
1303 1411 1450 1488 baln(eac)

120 1529 200 1587 aqua
224 1511 310 1569 dalei.
334 1509 491 1568 Ianuariae
514 1507 668 1585 ditonus).
712 1505 768 1576 Ille
794 1506 832 1566 ad
853 1525 1012 1583 quemnam
1035 1509 1182 1586 pertineat
1203 1531 1241 1570 ex
1261 1511 1378 1571 familia
1398 1533 1452 1573 no·

120 1613 251 1684 tissima,
278 1630 365 1670 nemo
393 1609 480 1669 facile
503 1609 621 1669 dixerit
665 1607 738 1682 Hic,
765 1627 854 1686 quem
879 1617 951 1668 ncta
971 1617 1121 1688 repertum
1143 1629 1211 1671 esse
1233 1613 1264 1672 in
1285 1631 1376 1691 opere
1398 1636 1451 1694 po·

119 1713 212 1773 sitnm
234 1713 266 1772 in
288 1713 360 1772 villa
380 1731 408 1790 q.
431 1713 461 1773 d.
484 1710 638 1773 Ciceronis
660 1720 746 1770 extra
759 1711 922 1790 Pompeios
944 1712 1087 1790 oppidum
1109 1713 1232 1792 antiquo
1254 1723 1389 1793 tempore
1411 1719 1450 1777 ad

119 1815 219 1892 ipsum
247 1815 320 1874 litus
349 1816 455 1887 situm,
482 1813 705 1892 componendus
733 1822 780 1872 est
806 1832 873 1874 oum
900 1813 967 1874 loeo
995 1813 1088 1873 Plinii
1109 1815 1138 1874 h.
1161 1835 1189 1874 n.
1211 1817 1262 1890 31,
1283 1815 1317 1891 2,
1336 1818 1371 1892 5,
1400 1820 1451 1879 ubi

119 1917 226 1976 laudea
248 1934 392 1993 aquarum
414 1917 446 1976 in
468 1917 536 1976 sinu
553 1916 669 1976 Baiano
691 1916 930 1976 scaturrieutium
951 1915 995 1974 ita
1013 1915 1092 1974 finit:
1114 1927 1259 1994 vaporant
1279 1929 1305 1977 et
1326 1925 1356 1978 tn
1376 1926 1452 1980 usare·

120 2021 183 2095 ipso
211 2037 284 2095 quaa
304 2017 402 2078 Licini
426 2017 528 2078 Craeti
545 2021 632 2094 saera
655 2019 816 2094 mediosque
836 2021 909 2076 inter
921 2019 1027 2093 fluctuo
1049 2021 1142 2077 caiam
1163 2019 1277 2096 aliquid
1297 2020 1453 2080 caleaadine'

54 2119 60 2128 '
120 2121 259 2180 salutare.
301 2119 381 2180 Nam
406 2128 488 2198 patet
514 2120 646 2197 intellegi
671 2120 709 2178 ab
734 2128 855 2179 anctore
876 2119 959 2196 ipsas
980 2119 1050 2178 illas
1072 2120 1204 2180 thermas
1226 2139 1306 2198 sque
1326 2123 1452 2195 marina,

119 2241 248 2298 quarum
270 2240 462 2300 programma
482 2232 627 2302 superest.
664 2223 705 2281 M.
728 2220 862 2280 Licinius
877 2219 1008 2280 Crassus
1026 2219 1120 2300 Frugi
1142 2221 1248 2282 harum
1270 2223 1452 2283 thermarum

120 2324 357 2403 balnearumqne
379 2325 516 2385 dominus
537 2342 717 2402 quamquam
744 2331 844 2402 potest
864 2323 959 2382 fuisse
981 2324 1087 2382 consul
1109 2344 1135 2383 a.
1152 2323 1202 2397 27,
1224 2326 1323 2402 potius
1347 2327 1452 2385 consul

122 2448 148 2486 a.
165 2427 206 2486 64
237 2426 353 2486 videtur
380 2447 398 2486 a
419 2425 520 2486 Plinio
542 2427 689 2504 intellegi,
717 2444 783 2484 oum
805 2426 897 2484 verba
917 2443 991 2500 qaae
1011 2423 1113 2486 Licini
1134 2425 1234 2486 Craaea'
1248 2430 1333 2503 sacre
1354 2428 1451 2505 magis

122 2529 302 2588 conveniant
332 2528 396 2589 filio
426 2537 495 2588 ante
523 2528 625 2588 decem
657 2545 753 2587 annos
781 2545 870 2605 qnam
898 2527 1020 2605 scripsit
1046 2525 1165 2587 Plinius
1193 2529 1333 2588 defuncto
1361 2547 1451 2604 quam

119 2631 201 2709 patri
223 2629 329 2708 viginti
351 2631 468 2690 circiter
489 2630 576 2689 annis
598 2637 667 2690 ante
688 2630 784 2689 filium
805 2631 915 2689 occiso.

205 2731 366 2792 Postremo
388 2751 478 2810 quam
500 2733 700 2792 coniecturam
721 2733 866 2810 proposui
887 2751 917 2808 p.
936 2732 993 2791 147
1016 2731 1080 2791 n.2
1104 2733 1140 2792 de
1156 2729 1287 2794 Senecae
1308 2733 1371 2792 ludi
1386 2733 1454 2793 loeo

119 2842 264 2912 corrupto
286 2853 312 2894 c.
327 2835 375 2908 11,
396 2835 522 2895 eandem
542 2845 648 2914 postea
668 2833 824 2894 admonuit
844 2853 892 2918 me
913 2835 1026 2894 amicus
1047 2846 1237 2912 praeceptam
1259 2853 1326 2895 esse
1344 2834 1453 2895 eBue·

119 2937 242 2997 chelero
269 2939 300 2996 in
328 2937 459 2997 editione
485 2937 549 2996 eius
576 2936 639 2995 ludi
662 2937 791 3010 minore,
818 2954 907 3013 quam
934 2937 1081 3013 inspicere
1103 2937 1309 3014 neglexeram:
1339 2937 1456 2996 scilicet

119 3058 177 3118 pro
205 3058 242 3098 eo
269 3040 351 3116 quod
377 3039 446 3098 libri
471 3039 618 3117 praebent
642 3041 798 3098 tristiouiae
820 3040 999 3097 asserionem
1018 3037 1125 3097 achilee
1148 3048 1240 3096 tamen
1261 3053 1317 3112 ego
1339 3035 1454 3096 conieci

119 3141 313 3201 scribendum
334 3159 402 3201 esse
426 3145 477 3201 tria
499 3143 530 3200 aa·
551 3141 615 3201 boni
634 3144 775 3212 autarius,
797 3143 862 3198 item
882 3138 990 3197 nobiles
1012 3148 1113 3210 tamea,
1136 3137 1338 3196 Buechelerus
1353 3145 1452 3196 autem

119 3245 282 3322 temptavit
305 3247 358 3303 trie
379 3244 503 3303 leminea
525 3247 666 3318 astarem,
686 3243 794 3302 achilee
815 3253 915 3302 tamea.
960 3237 1059 3314 Quam
1084 3239 1172 3298 alieni
1194 3239 1307 3299 inventi
1327 3239 1453 3314 ereptio-

119 3366 190 3406 nem
220 3355 251 3406 ut
271 3346 384 3406 invitus
407 3346 557 3420 commisi,
585 3349 628 3406 ita
649 3347 715 3424 ipse
737 3354 839 3404 noster
861 3343 1003 3402 fortuitus
1025 3357 1188 3402 consensus
1208 3342 1239 3402 in
1260 3359 1328 3400 mea
1349 3359 1395 3400 me
1417 3340 1453 3398 de

119 3451 180 3509 hcc
202 3449 271 3508 loco
294 3449 435 3526 opinione
456 3448 653 3508 confirmavit.
