3582 5956
389 613 438 666 na
457 612 636 668 concisus
653 617 700 668 nn
718 617 990 672 slcsnnonrnvs
1008 620 1114 674 Paov.
1342 609 1414 682 203

174 787 202 846 6.
248 783 373 848 Gazara
393 785 629 848 Narbonensis.
671 792 760 849 Anno
780 809 809 868 p.
830 789 902 851 Ohr.
926 792 961 851 11
991 794 1077 870 plebs
1099 794 1307 859 Narbonensis
1334 820 1417 863 aram

88 887 204 947 numini
226 889 357 966 Augusti
383 888 532 948 dedicavit
558 888 668 967 (Orelli
692 889 802 967 2489);
831 912 891 952 non
917 894 1013 954 multo
1034 907 1105 974 post
1125 900 1298 982 provinciae
1319 919 1418 964 sacer-

87 990 204 1049 dotium
230 991 399 1050 iustitutnm
426 1002 486 1065 est,
515 991 552 1049 do
580 1010 641 1070 quo
667 992 812 1052 disseruit
836 994 957 1073 Herzog
985 996 1065 1056 Gall.
1087 999 1192 1082 Narb„
1209 1001 1272 1062 bist.
1300 1022 1330 1080 p.
1347 1003 1417 1067 255.

88 1089 269 1152 Sacerdotes
299 1091 478 1152 creabantur
503 1111 542 1151 ex
570 1093 663 1152 variis
689 1093 873 1169 civitatibus3
906 1098 1094 1174 reperiuntur
1122 1101 1199 1162 euim
1227 1102 1291 1164 Sea.
1321 1107 1418 1167 Anius

87 1192 156 1254 Sat.
171 1195 218 1270 pil.
242 1193 314 1252 Vols.
336 1191 496 1270 (cneum
515 1193 722 1272 Viann(ansis),
748 1196 848 1255 ornnib.
871 1197 996 1256 lanarii.
1019 1205 1050 1259 in
1066 1206 1168 1279 patrio
1189 1223 1243 1264 aaa
1257 1207 1418 1284 pientinus),

84 1295 163 1364 flam.
182 1313 267 1371 prov.
289 1295 385 1353 Narb.
407 1294 544 1375 (Herzog
565 1297 645 1374 App.
668 1315 697 1356 n.
712 1297 804 1373 501);
826 1297 933 1358 deinde
955 1299 1014 1361 duo
1036 1301 1261 1366 Nemausenses
1284 1309 1319 1380 Q.
1336 1308 1418 1370 Salo-

86 1399 154 1454 nius
178 1429 216 1440 -
239 1395 393 1456 Severiores
416 1430 455 1442 —
477 1415 548 1474 equo
571 1398 687 1475 publico
710 1431 749 1442 -
771 1434 810 1446 —
825 1402 932 1476 flamen
950 1407 1118 1478 provincias
1138 1405 1338 1470 Narbonensis
1358 1411 1417 1488 (ib.

90 1495 181 1572 106),
207 1495 260 1573 (L.
284 1495 442 1574 Sanmites
468 1531 508 1544 -
529 1531 571 1542 -
592 1531 632 1544 ·-
656 1519 698 1577 eq.
720 1500 804 1578 publ.
833 1502 968 1579 (baben)s
991 1537 1029 1550 -
1052 1538 1091 1550 —
1111 1509 1192 1584 flam.
1221 1509 1420 1586 (prospectas

88 1597 256 1657 Narbonen.
279 1598 333 1674 (ib.
352 1598 434 1676 107).

174 1698 222 1758 De
255 1698 372 1760 duabus
404 1710 503 1760 autem
536 1701 782 1781 inscriptionibus
813 1725 920 1783 parum
952 1717 1032 1766 recte
1063 1708 1234 1790 Herzogius
1266 1712 1419 1775 indicavit.

93 1799 202 1860 Altera
227 1809 274 1860 est
300 1821 330 1860 n.
347 1802 380 1860 7:
406 1801 457 1860 Ea
481 1807 549 1879 imp.
576 1802 661 1864 MD.
689 1808 881 1884 tauropclium
904 1813 1071 1884 provinciae
1093 1810 1291 1874 Narbonensis
1308 1816 1421 1891 sueton·

87 1921 143 1979 par
165 1901 198 1962 G.
219 1902 384 1975 Rutunium,
404 1909 530 1981 menam
542 1907 689 1982 fluminea
708 1907 788 1984 Anp.
805 1927 862 1984 pra
884 1911 977 1968 salute
998 1913 1175 1972 dominorum
1195 1918 1263 1992 imp.
1285 1914 1324 1976 L.
1349 1916 1421 1994 Sep-

88 2006 151 2062 timi
173 2002 272 2063 Sanni
297 2037 336 2048 -
359 2041 397 2051 -
426 2015 452 2064 et
473 2006 517 2064 Μ.
541 2007 643 2068 Aurei,
664 2009 734 2068 Ant.
756 2009 834 2087 seq.
857 2053 922 2081 ...‚
950 2011 980 2070 in
1007 2029 1067 2088 qua
1090 2032 1151 2072 non
1172 2017 1289 2090 primus
1310 2017 1420 2078 flamen

87 2105 274 2183 appellatur,
308 2106 361 2165 sed
391 2107 422 2168 0.
450 2108 593 2168 Batonius
622 2109 736 2170 Prinas
764 2111 943 2171 nominatur.
994 2112 1113 2174 Primus
1145 2116 1225 2176 enim
1256 2134 1420 2197 cognomen

87 2206 214 2284 vulgare
245 2215 301 2268 est.
353 2207 389 2267 V.
416 2210 583 2270 Mommsen
612 2211 634 2270 Ι.
660 2210 698 2270 R.
723 2211 763 2273 N.
790 2211 882 2272 2261.
909 2212 1013 2292 seseq
1044 2226 1075 2275 et
1105 2216 1137 2276 in
1168 2217 1265 2277 indice
1297 2237 1327 2295 p.
1350 2217 1421 2280 452.

87 2308 197 2368 arara
225 2327 291 2368 eum
320 2315 400 2370 reete
428 2310 579 2388 usserrpa
605 2322 686 2373 esset
713 2331 732 2371 a
763 2313 927 2375 retranseo
955 2315 1034 2393 sps.
1061 2316 1151 2379 Aren.
1179 2299 1290 2396 p.1'11
1320 2339 1348 2380 n.
1372 2320 1421 2392 ss,

87 2429 149 2469 uon
176 2419 256 2470 recte
282 2409 364 2472 edita
387 2421 436 2472 est
461 2430 480 2470 a
508 2410 542 2473 G.
564 2411 637 2474 Keil
662 2411 770 2476 Sched.
792 2414 896 2494 Epigr.
919 2437 948 2495 p.
965 2418 1014 2478 41.
1057 2417 1181 2496 Herzog
1200 2440 1229 2478 n.
1246 2418 1316 2479 267.
1365 2419 1424 2481 Est

87 2521 188 2572 antem
215 2512 304 2572 haec:
330 2509 365 2570 ‘fl
392 2507 441 2594 [ἐξ
465 2507 589 2597 ’Asza'av
616 2505 715 2593 πάγου
742 2507 839 2589 ficulni
867 2507 915 2575 uni
941 2515 958 2589 ἦ
985 2510 1081 2591 βουλὴ
1109 2521 1163 2578 τοῖν
1191 2514 1348 2602 ἑξακοσίων
1374 2513 1423 2580 sni

87 2610 101 2672 d
128 2609 218 2685 δῆμος
244 2606 444 2684 ὅἈθηιαΙων
465 2605 579 2674 Kaidros
600 2607 772 2700 Τριβέὶλιον
791 2613 913 2694 Ῥοῦφον
934 2610 1051 2678 Κοΐντου
1079 2615 1151 2689 vida,
1177 2621 1346 2706 Λαμπτρέα,
1372 2619 1424 2706 dp·

87 2707 192 2799 ’χμρὲα
218 2715 321 2798 πρῶτον
342 2709 503 2800 ἐπαρχείας
523 2719 574 2788 τῆς
596 2716 627 2776 ἔκ
648 2710 804 2801 Ναρβῶνα
824 2710 873 2778 nai
894 2710 1004 2780 inmo
1025 2717 1213 2792 Karvsivnaaw
1234 2723 1312 2807 ispaiv
1334 2714 1424 2798 δηάου

85 2809 231 2884 Ῥωμαίων
255 2807 304 2876 aad
330 2808 440 2878 πάπαιι
464 2821 570 2886 asanais
598 2817 626 2878 ἔν
654 2821 698 2899 τῇ
718 2815 829 2904 πατρίδι
857 2813 977 2900 Tanaim
1004 2814 1191 2894 τετειμημῖνον
1217 2814 1266 2882 καὶ
1291 2817 1425 2907 ἄρχοντα

87 2909 235 2986 ἐπώνυμον
256 2915 284 2976 ἐν
303 2908 449 2989 Ἀθήναις
468 2910 516 2978 καὶ
539 2911 612 3004 ispia
632 2912 760 3004 Δρούοου
782 2911 891 2980 daris-av
912 2945 939 2982 α.
955 2947 981 2982 τ.
995 2931 1024 2982 λ.
1066 2925 1174 2984 Insunt
1199 2927 1230 2985 in
1255 2926 1313 2985 hot
1336 2926 1424 2986 titulo

89 3019 260 3096 singularia
286 3019 446 3097 quaedem,
473 3021 602 3099 primum
627 3016 643 3094 ἦ
673 3020 704 3080 ἐκ
724 3015 880 3106 Ναρβῶνα
906 3016 1068 3107 inoffici«,
1094 3044 1172 3102 quas
1198 3025 1287 3103 vulgo
1315 3027 1424 3088 dieitur

88 3113 268 3204 Ναρβωνῖτις
294 3121 344 3181 vel
370 3113 580 3206 Ναρβανησιά,
612 3123 661 3182 hic
689 3141 761 3182 vero
788 3123 956 3202 appellatur
983 3124 1089 3184 eodem
1116 3125 1222 3200 modo,
1255 3144 1316 3203 quo
1342 3124 1360 3196 η’
1388 3121 1425 3208 ἐξ

84 3214 200 3307 ’Apsias
221 3213 320 3300 πάγου
342 3214 438 3294 βουλὴ
461 3224 510 3282 vel
531 3223 555 3281 ci
576 3221 608 3282 ἔκ
630 3216 809 3284 Μακεδονίας
829 3215 966 3289 βασιλεῖς
988 3224 1109 3302 (Polyb.
1126 3224 1155 3298 2,
1170 3226 1221 3300 40,
1238 3226 1288 3302 5);
1316 3227 1423 3288 deinde

87 3317 200 3386 ὕπατος
223 3319 411 3394 Καινείνηνοις
432 3323 452 3384 i.
467 3345 493 3384 e.
515 3344 639 3384 sanemus
665 3325 862 3397 Continentia,
887 3326 940 3402 qui
961 3343 1133 3402 quanquam
1154 3325 1186 3385 in
1207 3327 1323 3403 paneis,
1346 3346 1423 3404 qnae

87 3432 230 3498 exstant,
255 3425 444 3486 sacerdotum
467 3423 699 3487 caeninensium
721 3427 968 3504 inscriptionibus
995 3426 1038 3503 (v.
1060 3425 1185 3486 Henzen
1206 3428 1319 3487 Annali
1343 3427 1422 3489 1857

87 3547 121 3606 p.
137 3527 193 3603 91)
215 3545 275 3586 non
296 3528 457 3600 inveuibrr,
480 3536 579 3588 tamen
601 3545 661 3588 nou
683 3528 782 3588 miuus
803 3537 883 3588 recte
905 3545 938 3587 se
960 3529 1071 3588 habere
1085 3527 1214 3600 videtur,
1236 3547 1326 3605 quam
1348 3547 1424 3589 sum·

87 3649 153 3689 mus
183 3629 327 3706 baraspaa
357 3627 435 3706 (Cic.
457 3629 494 3688 de
515 3629 575 3689 div.
599 3628 628 3702 2,
644 3629 694 3698 24,
710 3629 779 3706 55),
806 3647 931 3688 summas
957 3631 1104 3702 sacerdos,
1134 3647 1257 3690 summos
1278 3632 1422 3707 pontific,

89 3749 219 3792 summas
243 3733 379 3807 mapulas
404 3739 436 3791 et
460 3749 538 3808 quae
563 3731 654 3790 huius
680 3730 800 3810 generis
828 3730 919 3808 plura
943 3728 1067 3808 collegit
1090 3730 1200 3790 Marini
1225 3732 1299 3790 Arv.
1326 3751 1356 3809 p.
1373 3731 1423 3793 55.

88 3831 174 3894 Nam
201 3831 282 3909 qnod
303 3831 423 3892 Keillus
450 3840 480 3892 ei
500 3830 670 3911 Herzogius
692 3832 877 3908 seripserunt
900 3821 1008 3888 danaae
1031 3822 1108 3910 [nai]
1130 3824 1329 3901 Καινείνηνπιν,
1349 3831 1425 3892 Tre·

89 3934 278 4010 belliumque
299 3933 452 3993 consulem
474 3933 506 3991 in
526 3933 613 3994 lastis
634 3933 859 4010 quaesiverunt,
886 3951 947 3992 nou
968 3932 1256 4006 animadverterant,
1278 3931 1423 3993 Trebellii

88 4052 213 4095 cursum
240 4033 388 4093 honorum
414 4053 474 4093 non
495 4050 563 4094 esse
583 4033 718 4093 consulis
739 4041 770 4092 et
790 4034 963 4093 sacerdotes
984 4033 1187 4111 provinciales
1208 4051 1248 4094 ex
1269 4034 1307 4093 iis
1328 4034 1424 4094 homi-

87 4136 182 4196 nibus
203 4134 313 4206 creari,
340 4134 392 4211 qui
413 4134 445 4194 in
466 4151 521 4194 sua
542 4134 664 4194 civitate
684 4133 823 4194 omnibus
845 4135 1011 4194 honoribus
1031 4133 1126 4192 iuncti
1148 4143 1263 4205 essent,
1290 4135 1322 4192 id
1343 4135 1424 4211 quod

88 4235 281 4297 Trebellium
306 4253 427 4312 quoqne
452 4235 561 4294 fecisse
585 4235 689 4294 titulus
711 4235 822 4294 docet·
851 4232 942 4309 Quod
963 4251 1034 4292 vero
1055 4234 1169 4312 primus
1190 4232 1333 4292 sacerdos
1354 4253 1423 4310 pro·

89 4337 211 4397 vinciae
237 4336 417 4415 appellatur,
443 4336 475 4396 id
500 4335 538 4396 ad
563 4345 681 4413 tempus
706 4335 804 4394 refero
832 4333 1195 4410 (et111‚1051.1083.
1218 4332 1328 4409 2733);
1356 4351 1424 4392 oum

88 4439 173 4500 enim
188 4437 285 4498 Drusi
306 4437 439 4497 consulis
462 4435 603 4496 sacerdos
625 4445 732 4515 postea
751 4434 851 4507 fuerit,
873 4434 988 4494 Tiberii
1009 4441 1107 4494 aetate
1121 4434 1236 4492 vixisse
1257 4433 1425 4495 censendus
1498 4511 1506 4520 Ι

88 4551 147 4601 est
184 4536 327 4599 Ceterum
349 4537 380 4597 id
400 4555 522 4614 quoqne
543 4537 736 4597 memorabile
758 4545 814 4610 est,
835 4535 917 4613 quod
935 4533 1106 4594 Trebellius
1128 4539 1234 4594 exacto
1257 4535 1424 4594 sacerdotio

88 4641 233 4700 Athenas
254 4637 404 4718 migravit,
427 4637 505 4699 unde
526 4638 705 4718 intelligitur
726 4657 764 4698 ne
777 4635 984 4698 Narbonensis
1006 4635 1126 4714 quidem
1140 4635 1312 4713 provinciae
1328 4651 1425 4698 sacer·

88 4743 212 4802 dotium
233 4740 327 4801 inisse
346 4747 536 4818 perpetuum.

179 4843 209 4902 t.
253 4840 340 4901 naus
364 4839 510 4902 (ianuas
534 4839 614 4918 (niv.
638 4858 685 4917 ep.
703 4839 777 4914 1343
805 4840 884 4899 Plin.
907 4837 946 4899 N.
963 4837 1002 4897 H.
1024 4837 1043 4897 4
1065 4837 1188 4914 5105),
1214 4853 1289 4913 quas
1312 4835 1426 4898 Caesar

88 4945 220 5024 imperio
241 4942 379 5002 Romano
400 4941 569 5014 addiderat,
590 4941 611 5000 i.
626 4960 652 5000 e.
674 4939 898 5018 Lugdunensis,
919 4939 1093 5017 Aquitania,
1114 4938 1249 5016 Belgica,
1270 4957 1366 5015 usque
1389 4939 1427 4998 ad

88 5045 211 5108 Tiberii
232 5051 358 5106 actaoem
380 5044 419 5104 ab
441 5061 502 5102 uno
522 5041 621 5122 legato
636 5041 770 5119 Augusti
792 5040 1078 5100 administrabantur
1090 5040 1340 5117 continebsutque
1355 5039 1427 5099 civi-

88 5156 172 5208 tates
195 5145 356 5224 sexaginta
375 5151 517 5222 quattuor
539 5143 628 5220 (Tac.
650 5161 719 5204 ann.
735 5143 765 5218 3,
779 5143 835 5216 443
858 5139 941 5206 Serv.
965 5139 1004 5202 ad
1017 5139 1109 5221 Verg.
1127 5143 1204 5202 Aen.
1223 5145 1250 5216 l,
1266 5139 1340 5217 285)
1363 5139 1427 5200 sive

1166 5243 1226 5302 14*
