3546 5950
597 634 648 688 Dlt
667 631 812 688 mulus
831 631 988 687 amota.

712 799 747 861 ‘0
770 797 875 883 δ]ἥμος

577 896 731 970 Οὖιβιδιάν
751 898 842 989 ιἹεριῖν
863 895 1007 985 repsisse

544 997 675 1088 Σὲξτουῖ
696 997 865 1085 οὔιβιδ]ιόυ
886 998 1040 1091 Οὗῖρρωνος

565 1097 720 1190 θνγατὲρα
740 1098 912 1186 εὔ]πβειάς
932 1095 1021 1166 ἕνεκα.

825 1209 840 1240 ἱ

129 1265 229 1340 Atque
250 1280 283 1321 re
298 1280 370 1321 vera
379 1258 503 1320 Vibidia
516 1260 601 1337 virgo
611 1259 746 1322 Vestalis
767 1259 900 1319 maxima
921 1277 1000 1319 anno
1015 1260 1061 1319 48
1069 1278 1100 1337 p.
1116 1257 1187 1321 Chr.
1209 1271 1458 1324 commemoratur
1497 1261 1502 1271 “

130 1382 148 1423 a
165 1363 275 1424 Tacito
296 1363 354 1435 xl,
369 1360 419 1422 32.
436 1363 486 1436 34,
507 1379 598 1439 quam
619 1360 743 1421 eandem
764 1377 920 1422 essecunr
940 1361 1052 1421 illaec
1073 1363 1184 1422 certius
1205 1372 1260 1444 est,
1281 1365 1363 1443 quod
1383 1384 1457 1444 gens

129 1463 252 1524 Vibidia
271 1482 395 1541 perraro
416 1463 447 1522 in
468 1463 564 1523 titulis
584 1469 616 1522 et
636 1461 715 1541 apud
737 1462 901 1540 scriptores
922 1470 1085 1542 comparet.
1119 1462 1260 1524 Vibidius
1274 1465 1365 1526 Virro
1385 1487 1458 1528 nus·

129 1584 217 1644 quam
240 1564 423 1638 nominatum
446 1573 477 1624 at
497 1563 621 1624 Tacitus
643 1565 723 1623 Anu.
743 1563 785 1637 ll,
800 1563 839 1624 48
860 1564 1010 1624 intereos
1033 1572 1197 1639 senatores,
1218 1584 1295 1643 quos
1316 1569 1457 1628 Tiberius

129 1685 205 1726 suno
228 1667 266 1725 17
286 1687 316 1744 p.
334 1663 406 1728 chr.
432 1672 556 1744 propter
581 1685 646 1725 rem
670 1664 850 1726 familiarem
874 1666 969 1725 nimia
992 1665 1117 1724 luxuria
1143 1668 1323 1729 exhaustam
1351 1678 1458 1730 senatu

129 1767 236 1840 morit,
258 1767 411 1828 Vibidium
433 1767 588 1828 Varronem
612 1766 742 1827 exbibet.
786 1763 887 1841 Quare
912 1786 979 1827 cum
1007 1774 1059 1826 aut
1085 1770 1275 1828 statuendum
1301 1771 1343 1830 sit
1361 1772 1458 1849 gentis

129 1866 271 1928 Vibidiae
296 1878 357 1929 mm
383 1869 532 1929 obscurae
558 1887 594 1928 ac
619 1887 713 1947 paene
738 1868 859 1947 ignotae
884 1867 960 1927 duas
988 1868 1085 1929 tuisse
1113 1869 1259 1944 familias,
1285 1890 1362 1948 quae
1388 1891 1458 1951 cog·

130 1971 251 2030 nomina
271 1969 424 2030 simillima
437 1969 584 2030 Varronis
604 1976 635 2028 et
648 1968 785 2030 Virronis
806 1969 987 2048 gessissent,
1015 1978 1067 2029 aut
1087 1990 1107 2028 a
1126 1970 1248 2030 librario
1270 1972 1348 2049 apud
1369 1974 1458 2033 Tuci·

130 2077 191 2130 tum
218 2072 310 2131 huius
336 2071 522 2150 cognominis
550 2070 676 2130 inauditi
699 2069 766 2129 loco
786 2069 862 2130 illud
882 2071 915 2130 in
935 2069 1002 2130 aliis
1023 2072 1164 2148 gentibus
1185 2071 1458 2149 frequentissimum

130 2173 325 2231 substitutum
350 2189 435 2245 esse,
462 2191 550 2233 nemo
577 2170 740 2244 dubitabit,
765 2171 839 2248 quin
866 2171 937 2246 boc,
965 2173 1047 2248 quod
1073 2173 1240 2250 posteriore
1263 2173 1332 2233 loco
1359 2177 1458 2253 posui,

131 2273 215 2333 unice
238 2292 353 2347 verum,
374 2273 502 2350 ideoque
523 2272 604 2351 apud
618 2272 758 2332 Tacitum
778 2271 863 2332 Virro
884 2290 939 2350 pro
957 2272 1051 2333 Varro
1072 2274 1294 2334 rescribendum
1315 2275 1364 2334 sit.
1401 2273 1458 2336 Oe·

129 2381 225 2433 terum
254 2384 351 2434 utrum
373 2373 422 2434 laic
435 2374 575 2434 Vibidius
590 2374 681 2435 Virro
703 2374 782 2434 idem
803 2374 844 2433 sit
864 2392 932 2433 curn
953 2380 1039 2451 patra
1059 2373 1184 2453 virginis
1198 2374 1334 2436 Vestalis
1355 2395 1458 2451 necue,

129 2494 184 2552 pro
208 2485 294 2536 certo
318 2474 379 2535 dici
407 2475 520 2552 nequit.
562 2474 599 2536 Id
628 2494 719 2535 unum
745 2474 846 2535 dicere
871 2473 957 2548 licet,
984 2484 1151 2553 temporum
1172 2477 1305 2537 rationes
1326 2495 1386 2537 non
1408 2479 1459 2538 ob-

130 2585 218 2636 stare.
264 2574 345 2638 Sane
370 2593 430 2636 nou
454 2576 634 2639 credendum
660 2584 720 2649 est,
747 2582 908 2654 postquam
928 2583 1015 2654 pater
1035 2595 1072 2636 ea
1091 2578 1255 2654 ignominia
1275 2579 1313 2638 ab
1333 2578 1460 2655 impera-

131 2686 193 2736 tore
220 2677 349 2738 affectus
375 2685 437 2751 est,
469 2687 504 2738 nt
531 2685 637 2738 senatu
664 2686 847 2751 moveretur,
874 2677 968 2736 tiliam
994 2677 1141 2755 virginem
1159 2678 1313 2738 Vestalem
1340 2687 1460 2758 captam

131 2795 205 2838 esse.
252 2775 314 2839 Sed
334 2796 403 2838 cum
417 2779 542 2842 Vibidia
562 2779 617 2839 illa
636 2797 716 2839 anno
735 2797 766 2856 p.
781 2775 853 2840 clar.
868 2779 909 2838 48
930 2787 1002 2838 naun
1023 2779 1156 2840 maxima
1175 2799 1216 2839 ex
1237 2781 1376 2841 omnibus
1391 2781 1459 2842 Vir-

130 2880 251 2956 ginibus
265 2880 441 2941 Vestalibus
463 2880 565 2955 inerit,
590 2880 664 2958 quid
684 2880 823 2957 impedit,
845 2879 1005 2958 quominus
1026 2899 1092 2939 eam
1113 2881 1174 2940 iam
1194 2887 1264 2941 ante
1286 2901 1395 2941 annum
1421 2882 1458 2941 17

130 3001 159 3060 p.
174 2980 261 3054 Chr,
281 2982 351 3060 plus
371 3001 462 3059 quam
483 3001 544 3042 uno
565 2988 597 3042 et
616 2981 739 3059 triginta
760 2981 848 3042 annis
869 2990 948 3054 ante,
969 2981 1000 3040 in
1022 3000 1124 3042 earum
1141 3000 1295 3042 numerum
1310 2992 1460 3060 receptam
1514 2995 1515 2998 ’

132 3082 319 3142 statuamus?
354 3082 403 3143 Na
424 3083 455 3142 id
476 3082 595 3161 quidem
616 3082 774 3143 diiudicari
793 3090 902 3160 potest,
923 3101 996 3142 num
1011 3081 1123 3144 Sextus
1133 3082 1274 3144 Vibidius
1285 3083 1387 3158 Virro,
1409 3085 1461 3162 qui

131 3185 162 3243 in
181 3184 280 3245 altero
301 3185 388 3245 titulo
402 3184 504 3244 Attico
525 3195 582 3258 est,
603 3185 682 3244 idem
703 3185 742 3244 sit
763 3203 832 3243 cum
854 3191 993 3244 senatore
1013 3184 1077 3259 illo,
1098 3184 1182 3245 cuius
1203 3203 1385 3262 praenomen
1399 3187 1460 3248 Ta·

131 3287 206 3346 citus
230 3303 292 3345 non
314 3265 410 3361 addit,
429 3294 459 3346 et
478 3295 564 3365 patre
586 3285 711 3366 virginis
726 3284 871 3345 Vestalis.

213 3387 247 3446 3.
288 3387 379 3448 Basia
401 3390 558 3448 marmoris
579 3384 740 3466 Hymettii,
767 3383 950 3446 occidentem
971 3403 1076 3446 versus
1101 3404 1121 3445 a
1140 3385 1332 3464 Propylaeis.
1374 3387 1461 3447 Titn-

132 3486 192 3546 lum
219 3487 314 3548 edidit
338 3488 470 3551 Pittakis
493 3483 562 3567 Ἐφ.
589 3482 662 3573 cipp.
685 3485 777 3548 2118.
821 3486 917 3548 Beuls
942 3488 1054 3566 Acrop.
1073 3487 1106 3548 11
1134 3506 1163 3565 p.
1179 3485 1257 3560 348,
1283 3488 1382 3548 denuo
1410 3489 1462 3549 de·

133 3586 254 3668 scripsit
274 3586 313 3651 U.
334 3589 485 3652 Koeblerr

556 3720 634 3850 ai,
781 3821 805 3851 .,

585 3893 860 3955 constitutorum
869 3896 998 3954 lE....t

527 3995 869 4054 ΖΒΕΥΤΟΥΤΩΙ
939 3996 1000 4056 ms

450 4114 463 4152 a
528 4096 893 4157 ΞΤΡΑΤΙΙΙΙΙΓΟΥΜΙΙΙΙΙΙ
946 4099 967 4154 Ρ

527 4198 745 4254 rozetum
753 4198 833 4253 ΥΣΟ
920 4198 1066 4259 silitum

528 4299 822 4355 utosueouuoi
835 4300 1075 4360 ἻΙΗΙΙΛΙΣΤΙΙΙ

529 4400 890 4457 ΔΑΔΟΥΧΟΥΦΙΛΟΚΑΙ
901 4403 1003 4456 ΣΑΡί,

528 4501 697 4557 ΤΑΤΡΙΔΟ
706 4501 809 4556 {Tou
817 4500 1032 4560 ΚΑΙΕῙΙΙΣΗΓΙ
1042 4501 1074 4560 ΙΙΙ

309 4635 311 4640 -
442 4618 469 4659 ιο
622 4603 827 4657 suumin}
851 4603 977 4658 ΙΟΥΝΙΑ

621 4703 807 4759 tustinus
837 4703 961 4760 ΤΗΣΖΗ

622 4803 814 4859 ἱΟΥΝΙΕΩΣ
849 4803 977 4859 ΘΥΓΑΤ
1040 4800 1046 4813 “

137 4957 270 5038 Tempus
299 4959 500 5022 certissimum
525 4968 581 5021 est.
624 4956 758 5019 Nomina
783 4959 862 5019 enim
887 4957 1005 5020 Dioclis
1026 4960 1226 5022 Themistocli
1251 4961 1381 5021 daduchi
1409 4957 1463 5020 lilii

137 5058 183 5135 (at
202 5062 324 5137 quidem
343 5061 407 5122 illic
427 5078 548 5138 qnoque
566 5059 669 5120 addito
683 5060 856 5144 φιλοκαῒσαρ
870 5049 918 5118 aul
931 5051 1124 5146 φιλόπατρις),
1145 5070 1176 5121 et
1189 5061 1295 5122 Iuniae
1309 5063 1463 5141 Megistes,

137 5159 269 5224 Zenonis
284 5159 441 5224 Suniensis
463 5161 553 5235 illisa,
574 5179 652 5238 quae
672 5160 722 5220 hic
743 5179 804 5220 non
825 5161 944 5238 qnidam
966 5162 1058 5239 plena
1077 5170 1206 5236 exstant,
1227 5161 1281 5222 sed
1298 5163 1342 5222 ita
1355 5173 1465 5234 umen,

138 5270 171 5320 ut
197 5260 234 5323 de
261 5263 307 5324 eis
333 5261 462 5324 dubitari
483 5271 628 5342 nequeat,
654 5261 844 5324 inveniuntur
864 5262 954 5323 etiam
972 5255 1040 5342 Ἐφ.
1061 5256 1136 5348 cipp,
1160 5262 1217 5337 79,
1244 5281 1304 5340 quo
1324 5263 1356 5321 in
1376 5261 1464 5321 titulo
