3546 5950
75 1438 143 1551 lle
179 1445 445 1580 praefecte·
477 1445 762 1556 castrorum
801 1452 854 1560 et
885 1454 1138 1588 praefecte
1171 1461 1403 1600 legionis,

636 1743 838 1756 n———.—

150 1935 351 2013 Reipublicae
371 1935 529 1997 Romanae
552 1935 685 1996 condicio
707 1938 864 2018 formaque
887 1943 1029 2005 universa
1050 1966 1117 2009 cum
1139 1953 1213 2013 satis
1235 1956 1311 2016 beue
1333 1979 1403 2040 cog·

75 2046 211 2095 noscatur
233 2057 281 2112 ea,
303 2057 379 2115 quae
400 2038 506 2115 primis
527 2037 598 2096 inde
619 2058 638 2097 a
652 2037 794 2101 Caesaris
809 2043 1000 2122 Augustique
1022 2055 1121 2109 aetate
1142 2057 1272 2118 saeculis
1294 2062 1320 2119 si
1342 2081 1403 2122 non

74 2135 194 2196 florebat
215 2147 251 2197 at
271 2138 414 2213 durabat,
442 2159 497 2198 nec
517 2139 616 2208 miuus
638 2159 690 2210 ea,
719 2143 804 2201 cuius
825 2145 949 2205 notitiae
969 2146 1147 2226 dignitatum
1169 2158 1326 2238 utriusque
1347 2165 1403 2224 im·
1459 2227 1464 2234 ,

73 2239 143 2314 perii
163 2240 315 2319 insignem
337 2250 507 2317 proponunt
528 2241 698 2317 imaginem,
720 2243 793 2302 iuris
814 2245 897 2304 illam
919 2247 1006 2309 libris
1028 2251 1117 2312 etiam
1132 2261 1300 2321 accuratius
1316 2264 1403 2325 illus·

74 2348 185 2412 nomm,
206 2342 408 2419 interipsum
430 2341 543 2400 saeculi
563 2343 652 2418 primi
675 2345 859 2422 secundique
880 2356 911 2407 et
932 2351 1044 2409 saeculi
1066 2357 1166 2429 quarti
1179 2361 1333 2438 quintique
1347 2366 1403 2427 im·

74 2441 144 2516 perii
164 2450 279 2502 statum
300 2460 367 2501 cum
388 2442 421 2502 in
442 2444 531 2502 rebus
553 2442 692 2503 civilibus
713 2453 776 2503 tum
798 2447 829 2505 iu
850 2448 1030 2512 militaribus
1050 2463 1133 2514 tanta
1154 2467 1202 2518 est
1225 2461 1402 2542 differentia,

75 2547 104 2598 ut
122 2543 273 2617 quomodo
296 2544 371 2603 alter
392 2563 433 2602 ex
453 2545 549 2604 altero
570 2553 655 2604 ortus
677 2545 717 2604 sit
738 2547 817 2605 haud
838 2549 925 2607 facile
939 2555 1137 2630 perspiciatur
1151 2570 1241 2638 atque
1256 2584 1292 2624 eo
1306 2585 1402 2644 paene

73 2641 190 2703 inclinet
214 2645 336 2721 opinio,
363 2664 443 2704 nova
468 2647 590 2705 omniuo
616 2647 800 2722 reipublicae
827 2653 992 2713 senescenti
1017 2655 1212 2721 fundamenta
1232 2665 1315 2726 iacta
1332 2689 1402 2732 esse

74 2742 108 2800 ab
127 2745 368 2822 imperatoribus,
395 2748 447 2823 qui
469 2746 591 2806 saeculo
612 2747 700 2806 tertio
722 2759 848 2809 exeunte
870 2762 900 2810 et
920 2753 1042 2816 ineunte
1063 2770 1170 2836 quarto
1191 2766 1295 2828 orbem
1314 2789 1402 2833 rexe-

75 2843 136 2904 rint.
171 2845 289 2905 Verum
309 2847 388 2906 enim
405 2866 478 2908 vero
500 2847 598 2906 forma
617 2848 801 2926 reipublicae
822 2871 900 2930 quae
921 2855 1028 2916 dicitur
1043 2857 1294 2929 Constantiniana
1308 2871 1401 2932 haud·

74 2962 217 3022 quaquam
248 2964 328 3006 nova
352 2949 552 3026 absolutaque
576 2967 617 3008 ex
642 2949 825 3011 Diocletiani
848 2952 1099 3038 Constantinique
1125 2965 1255 3042 ingeniis
1280 2974 1401 3051 prodiit,

75 3045 133 3118 sed,
152 3057 185 3106 ut
197 3049 358 3125 Augustus
381 3050 463 3121 olim,
486 3069 562 3126 quas
583 3051 685 3127 priora
706 3059 843 3128 tempora
858 3057 1062 3120 institutiones
1077 3066 1274 3143 protulerant,
1295 3077 1400 3138 recisis

75 3164 146 3222 quae
170 3167 278 3224 pamm
307 3159 396 3226 aptae
424 3151 611 3224 videbantur,
640 3151 708 3229 ipse
734 3155 872 3228 retinuit,
904 3177 1000 3218 novas
1032 3164 1168 3226 modeste
1195 3169 1323 3247 addidit,
1356 3179 1400 3237 sic

74 3246 114 3306 illi
138 3265 259 3326 quoque
285 3251 481 3326 imperatores
508 3253 597 3330 plura
617 3262 741 3332 accepta
762 3273 781 3312 a
801 3257 950 3333 prioribus
973 3275 1168 3324 servaverunt
1191 3273 1287 3348 magis
1308 3293 1399 3352 quam

74 3365 147 3408 nera
170 3359 370 3426 procrearunt
394 3353 432 3412 ab
460 3353 536 3431 ipsis
560 3353 698 3430 primitus
720 3355 850 3417 inventa.
895 3356 1012 3432 Quodsi
1033 3362 1070 3421 de
1091 3366 1228 3445 Augusto
1249 3373 1325 3434 illud
1347 3395 1399 3436 no-

73 3455 131 3507 tum
157 3459 205 3510 est
232 3471 291 3512 nec
317 3451 405 3512 facile
435 3465 574 3533 negatur,
604 3456 642 3514 de
670 3454 862 3516 Diocletiano
889 3467 990 3520 autem
1012 3461 1270 3549 Constantinoque
1299 3479 1399 3539 minus

73 3561 178 3624 notum,
199 3554 260 3612 boc
281 3553 418 3629 inprimis
440 3555 470 3614 in
492 3564 661 3628 causaest,
682 3556 763 3633 quod
785 3558 822 3616 de
843 3567 941 3619 aetate
963 3581 1040 3639 quae
1053 3567 1222 3644 Augustam
1244 3581 1399 3641 antecede-

73 3651 120 3709 bat
138 3653 237 3714 iontes
258 3655 410 3730 profluunt
431 3665 462 3715 et
481 3655 559 3734 largi
581 3659 656 3717 satis
677 3667 708 3716 et
728 3659 809 3731 boni,
836 3663 914 3720 unde
936 3665 1042 3726 notitia
1063 3667 1183 3730 illarum
1204 3693 1303 3736 rerum
1325 3680 1400 3742 bau·

72 3751 168 3827 riatur,
194 3765 302 3814 eonas
321 3755 547 3817 Diocletianum
572 3759 725 3836 praecedit
750 3763 904 3821 saeculum
934 3767 1066 3827 omnium
1088 3788 1166 3846 quae
1186 3779 1316 3853 populus
1337 3781 1400 3844 Ro.

73 3871 170 3914 manus
191 3856 270 3915 vidit
294 3856 518 3931 tristissimum,
545 3877 606 3936 quo
632 3861 791 3937 imperium
817 3866 952 3940 pestibus
979 3877 1069 3945 atque
1089 3871 1176 3932 bellis
1198 3882 1332 3941 externis
1354 3885 1399 3944 in·

73 3955 242 4032 testinisque
264 3958 407 4018 contiuuo
428 3959 592 4020 laceratum
607 3980 702 4039 paene
717 3965 876 4041 expiravit,
899 3977 989 4042 atque
1002 3970 1081 4030 inter
1094 3974 1230 4038 miserias
1244 3980 1399 4046 bominum

73 4055 313 4135 calamitatesque
335 4059 467 4120 silebant
487 4081 600 4122 musae.
640 4062 706 4122 Nec
727 4073 827 4124 tamen
848 4083 952 4127 omnes
973 4071 1095 4132 illorum
1117 4085 1284 4157 temporum
1306 4092 1398 4147 testes

72 4155 294 4232 obmutuerunt,
317 4160 372 4220 sed
393 4180 489 4240 genus
511 4163 661 4240 quoddam
682 4175 833 4225 servatum
856 4177 903 4228 est
925 4171 950 4228 si
972 4190 1033 4232 non
1055 4174 1199 4237 disertum
1222 4190 1396 4260 etcertum,

72 4258 203 4336 quodque
232 4261 415 4338 gravissima
441 4282 577 4340 quaeque
605 4273 685 4324 recte
712 4265 910 4346 interroganti
937 4271 1090 4334 indicabit.
1137 4277 1203 4339 Scit
1234 4283 1312 4342 enim
1344 4287 1396 4363 qui
1501 4262 1506 4270 Ι

72 4359 232 4430 paullulum
258 4362 298 4421 sd
324 4362 537 4441 inscriptiones
564 4385 619 4443 per
645 4366 747 4426 orbem
769 4367 935 4428 Romanam
963 4391 1084 4452 sparsas
1106 4379 1236 4440 animum
1258 4383 1396 4461 advertit,

71 4473 154 4530 quam
180 4463 276 4522 multa
303 4464 341 4524 de
366 4464 431 4524 eius
458 4466 569 4542 ipsius,
596 4468 632 4526 de
658 4486 718 4544 quo
744 4469 904 4546 loquimur,
930 4476 999 4534 aevi
1020 4477 1147 4539 historia
1166 4490 1306 4560 statuque
1326 4486 1396 4548 iude

72 4556 142 4618 disci
166 4564 293 4639 possint.
338 4563 434 4625 Cuius
460 4568 505 4625 rei
532 4569 670 4647 exempla
696 4571 840 4630 nonnulla
867 4573 925 4631 hoc
952 4575 1021 4635 loco
1048 4579 1120 4638 dare
1147 4582 1178 4640 iu
1206 4585 1306 4645 animo
1333 4597 1394 4662 est3

72 4655 181 4721 initium
208 4673 308 4725 autem
334 4666 461 4726 facimus
488 4668 525 4726 a'b
551 4669 687 4728 instituto
713 4671 815 4748 aliquo
836 4675 974 4748 militari,
1003 4677 1040 4736 ad
1062 4681 1142 4755 quod
1168 4702 1274 4759 parum
1296 4689 1395 4750 adhuc

72 4764 255 4825 attenderunt
268 4767 326 4826 viri
341 4767 420 4826 docti
431 4769 471 4844 ¹),
493 4771 697 4846 praefecturas
714 4773 780 4832 dico
796 4782 961 4834 castrorum
976 4785 1006 4836 st
1021 4779 1157 4858 legionis,
1180 4803 1305 4862 quarum
1320 4791 1394 4852 alte·

71 4877 188 4925 ramex
202 4865 297 4928 altera
319 4877 416 4928 ortam
438 4887 506 4929 esse
527 4873 739 4933 demonstrabo
761 4875 851 4954 idque
872 4881 1022 4954 quomodo
1043 4890 1074 4940 et
1095 4899 1155 4961 quo
1176 4893 1310 4968 tempore
1331 4892 1394 4953 iac·

71 4968 127 5021 tum
148 4964 187 5025 sit
209 4986 369 5048 exponam.

71 5099 266 5121 ''u—-

140 5184 164 5247 ¹)
191 5187 260 5244 Nau
283 5207 350 5258 qaae
375 5193 408 5244 de
426 5194 467 5245 bis
492 5197 641 5250 muneribus
661 5200 700 5250 vel
725 5199 757 5250 ds
776 5201 898 5253 altsmtro
917 5218 1006 5256 eorum
1025 5217 1200 5274 exposuerunt
1217 5213 1283 5264 Lud.
1302 5215 1391 5281 Lange

71 5267 124 5324 bist.
149 5280 318 5335 mutationum
341 5285 380 5337 rei
404 5287 479 5339 milit.
499 5287 676 5342 Romanorum
697 5290 846 5358 (Gottingae
867 5295 947 5358 leto)
967 5313 992 5362 p.
1007 5300 1042 5352 45
1068 5308 1094 5350 st
1115 5301 1269 5368 llarqaardt
1287 5301 1391 5361 Hence.

1147 5391 1165 5448 6
