3546 5950
574 540 624 591 nn
643 541 788 596 rmvnrs
807 541 963 596 anrrcrs.
1361 529 1431 602 117

111 710 159 786 qni
180 709 313 769 Drusum
337 711 485 770 iuniorem
511 710 673 787 significari
700 710 801 770 velint.
844 711 877 770 Is
904 714 983 772 enim
1010 731 1088 772 anno
1111 714 1148 774 15
1163 732 1192 790 p.
1210 713 1280 775 chr.
1303 717 1433 793 demum,

112 811 244 887 nogareto
264 817 392 884 mortuo,
414 813 542 888 primum
563 812 669 870 consul
689 811 789 870 lactus
811 819 866 870 est.
903 810 963 873 Sed
985 832 1052 872 cum
1073 815 1127 872 illa
1142 816 1284 893 temporis
1299 819 1433 880 definitio

112 912 174 989 ipsa
194 931 252 971 non
274 913 364 989 plane
385 921 467 972 certa
487 918 518 972 et
539 911 706 972 indubitata
726 913 776 984 sit,
798 931 834 971 ea
855 912 905 973 hic
924 913 981 973 niti
1001 915 1081 974 nolo.
1118 913 1178 976 Sed
1195 917 1307 976 accedit
1321 921 1432 979 certius

112 1022 320 1088 argumentum,
341 1013 474 1090 positum
494 1013 525 1071 in
541 1013 742 1072 additamento
756 1011 838 1089 quod
852 1019 898 1072 est
912 1004 1032 1070 ὑπάτου.
1067 1015 1202 1092 Uterque
1216 1016 1338 1093 quidem
1353 1019 1433 1078 Dru·

112 1129 160 1170 sus
174 1112 330 1172 consulatu
343 1114 464 1172 functus
478 1121 534 1185 est,
549 1113 649 1172 iunior
663 1114 719 1174 bis.
749 1111 811 1175 Sed
825 1113 856 1172 in
870 1114 927 1172 hoc
940 1115 1004 1173 filio
1018 1101 1218 1192 imperatoris,
1233 1136 1322 1195 quem
1331 1119 1431 1197 ipsum

111 1213 264 1289 aliquando
285 1215 500 1291 imperaturum
516 1215 675 1274 verisimile
696 1222 769 1288 crat,
791 1214 966 1274 consulatus
988 1232 1048 1274 non
1069 1216 1145 1274 tanti
1166 1219 1307 1277 momenti
1322 1228 1377 1293 est,
1400 1227 1433 1279 ut

112 1313 171 1372 eius
184 1313 362 1391 significatio
376 1317 491 1375 nomini
505 1316 632 1376 addatur
645 1315 677 1374 in
691 1316 891 1394 appellatione
905 1315 1072 1388 sacerdotii,
1095 1317 1175 1393 qnod
1189 1317 1240 1377 din
1258 1320 1348 1378 etiam
1362 1330 1433 1398 post

112 1414 183 1473 illius
209 1424 335 1476 mortem
363 1416 531 1494 duravit1).
574 1417 640 1477 Imo
662 1426 725 1475 tum
746 1417 795 1476 vel
815 1417 946 1476 maxime
967 1408 1111 1498 Καῖσαρος
1132 1417 1267 1476 additum
1289 1435 1358 1478 esse
1378 1437 1432 1477 ex·

112 1516 296 1590 spectaveris.
331 1516 397 1575 Iam
418 1535 456 1575 ne
477 1517 508 1576 id
529 1517 650 1593 quidem
672 1517 811 1588 dixerim,
832 1516 863 1574 in
885 1515 988 1576 Druso
1010 1517 1122 1574 maiore
1143 1517 1174 1574 id
1196 1516 1432 1578 additamentum

112 1614 179 1674 nihil
202 1617 269 1675 miri
298 1624 388 1693 atque
411 1617 526 1676 insoliti
548 1615 707 1692 haber-0²).
749 1617 794 1675 At
814 1623 915 1675 tamen
935 1616 1082 1692 explicari
1102 1625 1204 1693 potest
1224 1636 1277 1676 cur
1298 1618 1432 1678 additum

113 1717 156 1788 sit,
176 1719 241 1776 cum
263 1717 383 1777 Drusus
404 1717 500 1776 maior
520 1717 552 1774 in
573 1717 735 1777 consulatu
755 1726 891 1777 mortuus
913 1718 962 1788 sit,
984 1717 1028 1776 ita
1048 1722 1081 1774 ut
1101 1717 1128 1775 is
1150 1717 1342 1794 magistratus
1359 1737 1432 1795 qno·

113 1817 261 1876 dammodo
283 1836 432 1878 summum
452 1818 606 1895 fastigium
629 1818 668 1877 sit
688 1835 790 1878 eornm
813 1837 890 1896 quae
911 1817 1038 1895 adeptus
1060 1823 1122 1891 est,
1149 1819 1177 1875 si
1198 1835 1258 1876 non
1279 1819 1380 1896 specie
1401 1825 1432 1877 ut

112 1926 183 1978 certe
203 1938 235 1977 re
255 1903 334 1994 ipsa.

188 2018 277 2093 Quod
300 2019 327 2079 si
347 2020 418 2077 huic
430 2017 547 2079 Neroni
562 2018 690 2079 Claudio
704 2018 806 2079 Druso
822 2018 953 2097 Augusti
973 2018 1111 2096 privigno
1132 2017 1209 2076 illud
1230 2017 1431 2078 sacerdotium

112 2121 273 2192 tribuimus,
302 2119 461 2180 infeliciter
488 2120 608 2190 accidit,
635 2120 715 2195 qnod
740 2137 778 2178 no
803 2119 847 2178 ita
870 2118 993 2194 quidem
1018 2116 1180 2176 difficultas
1207 2118 1350 2195 temporis
1378 2119 1430 2177 de·

114 2221 221 2280 liniendi
252 2237 380 2299 prorsus
411 2228 588 2280 removetur.
637 2218 718 2280 Nam
749 2219 814 2279 sine
846 2219 937 2278 dubio
967 2228 1047 2277 recte
1074 2218 1282 2277 Mommsenus
1309 2217 1431 2290 iudicat,

113 2324 240 2398 quamvis
261 2321 361 2380 dicere
381 2340 441 2381 non
461 2320 563 2394 liceat,
586 2321 650 2380 fieri
672 2321 793 2380 omuino
814 2339 874 2378 non
895 2319 1045 2395 potuisse,
1070 2326 1103 2376 ut
1122 2317 1183 2376 iam
1207 2318 1345 2394 Augusto
1366 2336 1432 2396 reg-

114 2431 193 2482 nante
217 2423 339 2484 Drusus
359 2422 490 2482 Athenis
515 2422 625 2482 divinis
646 2421 811 2480 bonoribus
833 2420 1011 2492 afficeretur,
1037 2425 1137 2478 umen
1162 2416 1194 2475 id
1221 2417 1343 2476 minime
1368 2417 1432 2476 reri

114 2524 201 2583 simile
220 2525 340 2601 esse³).
384 2522 498 2584 &ntra
518 2522 652 2583 Drusum
673 2521 798 2582 summis
820 2520 985 2579 bonoribus
1007 2518 1119 2578 elatum
1140 2535 1210 2577 esse
1230 2535 1267 2576 eo
1288 2519 1432 2594 tempore,

113 2642 166 2700 quo
189 2625 267 2685 filius
289 2625 354 2685 eius
376 2631 448 2685 natu
469 2607 566 2684 minor
584 2625 652 2700 ipse
672 2623 829 2700 imperium
850 2621 1017 2692 obtinebat,
1039 2619 1115 2678 satis
1136 2626 1283 2678 constare.
1328 2614 1431 2691 Quare

114 2733 204 2784 unum
224 2727 263 2784 ad
278 2726 410 2804 Augusti
430 2744 469 2785 an
491 2726 529 2786 ad
544 2723 667 2785 Claudii
688 2731 817 2784 aemtem
837 2722 1012 2782 referendus
1034 2719 1075 2779 sit
1094 2719 1211 2792 titulus,
1233 2717 1356 2777 dubium
1371 2724 1431 2790 est;

115 2827 149 2884 ad
167 2827 316 2887 Neronem
337 2845 409 2886 vero
429 2825 535 2885 referri
556 2843 616 2884 non
637 2830 746 2903 potest.

185 3019 207 3081 ¹)
233 3021 275 3072 Ne
298 3020 327 3071 id
350 3020 454 3085 quidem
473 3018 659 3084 neglegendum
678 3025 729 3080 eat,
754 3018 777 3067 si
796 3016 902 3068 omnino
921 3015 1028 3065 honoris
1047 3027 1124 3064 causa
1142 3012 1169 3062 id
1188 3009 1339 3061 vocabulum
1357 3009 1432 3060 addi·

116 3119 163 3160 tum
180 3119 252 3174 esset,
272 3103 314 3169 ab
330 3099 423 3160 ὑπάτου
442 3110 578 3161 dicendum
596 3109 685 3171 tuisse,
705 3124 763 3159 cum
781 3107 891 3158 duorum
910 3105 1088 3157 consulatuum
1105 3103 1191 3152 honor
1208 3100 1291 3150 maior
1308 3099 1343 3149 sit
1355 3113 1432 3164 quam

115 3202 190 3254 unius
224 3204 266 3254 Ita
285 3203 312 3252 in
331 3202 433 3252 duobus
450 3200 531 3252 titulis
548 3200 695 3251 honorariis
713 3198 809 3250 Atticis
826 3196 865 3248 M.
884 3196 1003 3261 Agrippa
1019 3191 1073 3261 τρὶς
1091 3178 1183 3246 ὕπατος
1201 3188 1304 3240 dicitur.

184 3290 207 3354 ¹)
234 3294 357 3360 Inprimis
379 3292 423 3342 hic
447 3290 703 3342 animadvertendum
726 3295 779 3352 est,
803 3288 875 3339 euius
898 3287 937 3336 rei
960 3299 1001 3335 me
1020 3283 1071 3334 Th.
1089 3282 1267 3352 Mommsenus
1285 3289 1431 3328 commone·

115 3384 176 3446 tecit,
194 3386 248 3436 eius
265 3384 435 3435 additamenti
448 3383 500 3432 rim
512 3385 576 3432 'eam
588 3381 680 3444 videri,
700 3387 729 3431 nt
740 3379 841 3430 Drusus
859 3377 942 3428 maior
959 3389 977 3426 a
994 3375 1094 3424 minore
1112 3371 1282 3422 discernatur.
1314 3367 1352 3416 At
1370 3380 1432 3416 con-

116 3475 189 3525 sulem
210 3483 345 3541 utrumque
367 3474 460 3536 fnisse,
484 3473 659 3538 imperatorem
678 3485 739 3521 vero
757 3470 841 3520 solum
859 3468 974 3519 Drusum
993 3464 1132 3525 maiorem3
1157 3472 1236 3525 quare
1254 3442 1433 3523 ciscrpciacpcc

117 3567 188 3616 multo
210 3564 295 3632 aptius
315 3565 395 3616 fuisse
413 3579 490 3631 qnam
507 3551 609 3612 iccirco.
648 3561 726 3624 Quod
744 3560 873 3626 quomodo
892 3557 1042 3623 expediam,
1066 3553 1168 3614 nescio,
1191 3549 1242 3600 nisi
1260 3547 1345 3598 dicere
1362 3545 1432 3607 licet,

117 3645 285 3725 chcapdrcpcc
307 3671 402 3708 nornen
423 3657 460 3706 sic
478 3654 546 3705 nude
565 3655 615 3704 soli
633 3652 732 3704 nomini
749 3652 899 3702 adiunctum
916 3647 994 3700 facile
1013 3659 1045 3696 ea
1062 3641 1190 3694 sententia
1207 3637 1290 3702 accipi
1307 3635 1431 3701 potuisse,
1461 3649 1465 3656 ’

118 3761 163 3811 qus
179 3749 319 3814 principem
336 3749 422 3812 ipsum
439 3746 574 3811 significet,
594 3759 676 3810 esque
694 3744 727 3793 de
746 3742 943 3794 cansaritatnm
960 3749 1024 3786 ease.
1055 3735 1145 3797 Longo
1163 3730 1238 3781 aliter
1255 3741 1297 3779 res
1315 3724 1433 3810 sehabet
1493 3757 1496 3764 Δ

117 3838 140 3888 in
161 3841 238 3892 titulis
260 3839 407 3890 honorariis
430 3837 510 3900 (velut
532 3837 560 3887 in
584 3836 631 3886 illo
649 3835 750 3895 Crassi,
776 3845 863 3897 aquo
881 3829 948 3880 hanc
966 3833 1047 3878 totam
1065 3821 1306 3875 commentationem
1325 3830 1433 3867 exorsus

118 3931 176 3992 sun)
199 3933 242 3983 nbi
268 3937 294 3982 et
316 3929 423 3980 nomina
445 3935 471 3978 et
493 3927 622 3979 honorum
647 3925 806 3990 singulorum
831 3918 956 3972 vocabula
978 3917 1054 3982 plene
1079 3919 1156 3980 atque
1178 3911 1298 3962 distincte
1323 3905 1431 3972 perseri-

118 4019 211 4072 buntur.

186 4108 211 4174 ⁸)
238 4112 358 4164 Tiberius
381 4110 461 4162 trater
479 4109 533 4159 eins
550 4109 603 4158 ium
623 4113 759 4172 antequam
778 4103 811 4154 ab
830 4099 948 4166 Augusto
967 4097 1134 4164 adoptaretur
1151 4089 1324 4143 sacerdotium
1342 4083 1444 4164 balmis¹

118 4199 197 4266 Nysae
214 4203 241 4255 in
261 4203 338 4256 Caria
356 4201 397 4265 (G.
410 4201 433 4254 1.
447 4199 494 4254 Gr.
508 4198 599 4260 2943).

1057 4302 1107 4362 W.
1129 4299 1388 4360 muranaunona.
