3578 5962
364 586 438 659 284
881 609 882 612 ι
938 601 1120 657 uonnrssu

364 707 516 717 ι--ιι-ι-

364 799 404 839 ex
431 779 491 856 quo
513 776 619 839 Sicilia
641 778 785 838 Romanis
812 797 918 855 parere
939 777 1038 854 coepit
1059 785 1089 835 et
1109 775 1240 836 fortasse
1262 773 1313 832 diu
1335 783 1423 834 antea
1444 775 1484 832 iis
1507 775 1560 852 qui
1580 776 1681 837 rabdo

362 880 499 960 publicas
511 880 592 958 apud
603 881 659 938 hoa
670 881 838 939 tractabant
852 880 1007 939 edmarus
1020 879 1141 938 inerunt
1156 876 1273 936 librarii
1291 877 1448 953 utriusque
1466 877 1586 954 linguae
1599 879 1681 956 periti,

364 983 475 1058 quibus
490 981 521 1041 id
536 983 687 1058 negotium
701 995 782 1041 reete
797 982 1040 1041 committeretur.
1052 1012 1091 1022 -
1107 979 1182 1038 Inde
1196 978 1375 1057 explicatur,
1392 985 1425 1037 ut
1439 977 1607 1038 Foucartus
1620 999 1681 1057 quc·

365 1103 423 1160 que
445 1092 514 1162 apte
530 1083 680 1158 exposuit,
703 1083 754 1160 qui
769 1084 879 1142 factum
902 1084 952 1155 sit,
975 1095 1007 1141 ut
1028 1080 1174 1141 vocabula
1195 1081 1330 1159 legitima
1350 1081 1425 1140 iuris
1444 1081 1558 1159 publici
1571 1081 1682 1142 Romani

367 1183 485 1246 Graece
507 1184 668 1243 reddantur
688 1185 719 1244 in
742 1187 914 1244 universam
937 1184 1038 1244 verbis
1060 1184 1131 1242 item
1152 1183 1242 1242 certis
1269 1190 1301 1242 et
1322 1183 1535 1256 sollemnibus,
1562 1201 1636 1257 cum,
1660 1183 1680 1242 si

365 1287 572 1362 interpretatio
609 1305 669 1346 non
708 1286 825 1363 publice
849 1286 981 1361 Romae,
1022 1286 1075 1345 sed
1103 1285 1184 1363 apud
1217 1282 1350 1344 Graecas
1386 1269 1436 1345 res
1475 1284 1608 1364 publicas
1637 1303 1681 1360 pro

366 1389 511 1466 cuiusque
533 1389 630 1468 lubitu
645 1388 725 1448 faeta
746 1401 835 1461 essct,
858 1390 979 1449 omnino
999 1388 1077 1448 alius
1099 1387 1187 1446 aliter
1208 1405 1245 1446 ea
1263 1386 1413 1451 vertisset
1446 1386 1586 1462 Exempli
1606 1403 1681 1446 cauea

366 1491 629 1551 senatusconsulta
650 1491 708 1548 duo
731 1489 846 1550 Graece
868 1491 980 1569 scripta
1001 1510 1027 1550 a.
1044 1489 1104 1549 568
1126 1489 1163 1548 de
1176 1487 1307 1566 Delphis
1327 1500 1358 1547 et
1372 1487 1432 1547 676
1455 1488 1492 1548 de
1508 1487 1679 1564 Asclepiade,

366 1612 441 1669 quae
470 1593 539 1668 plus
561 1591 680 1650 saeculo
702 1591 829 1666 distant,
856 1592 975 1652 easdem
996 1592 1084 1668 plane
1107 1590 1252 1650 formulas
1273 1591 1398 1664 babent,
1424 1601 1459 1649 ut
1480 1599 1592 1650 ramas
1611 1584 1679 1657 esti

365 1683 543 1771 σύγκλητος,
573 1712 641 1770 quo.
655 1693 801 1752 vocabulo
829 1692 945 1754 Graece
971 1693 1092 1752 comitia
1117 1691 1214 1770 magis
1242 1691 1505 1772 significantur1)‚
1536 1692 1679 1752 antedicta

365 1789 417 1877 πρό
442 1792 561 1878 ἡμερῶν,
595 1795 742 1854 scribendo
772 1795 928 1872 adsuerunt
956 1785 1125 1878 ’γραψαμένῳ
1152 1795 1297 1878 παρῆσαν,
1329 1813 1465 1854 censuere
1490 1784 1573 1875 ἔδοξε
1599 1805 1625 1850 et
1646 1792 1680 1850 sit

366 1897 518 1973 deinceps,
541 1915 667 1973 quarum
681 1896 875 1955 formularum
891 1898 970 1955 aliae
984 1915 1090 1973 parum
1105 1895 1241 1956 Graecae
1255 1905 1336 1967 sunt
1350 1895 1427 1956 aliae
1443 1897 1488 1956 ita
1502 1901 1679 1973 comparatae,

369 2006 402 2055 ut
427 1999 504 2058 idem
534 1998 636 2058 multis
659 1999 757 2057 modis
778 1999 906 2058 dirersis
928 2017 989 2058 non
1010 1998 1109 2058 miuus
1130 2006 1199 2075 apte
1227 1996 1374 2056 enuntiari
1395 1997 1535 2074 potuerit
1577 1993 1680 2056 Scilicet

366 2119 433 2158 cum
457 2119 475 2157 a
499 2099 633 2160 Graecae
655 2101 777 2178 linguae
798 2100 1007 2160 communione
1027 2099 1155 2159 Romani
1177 2098 1328 2158 abstinere
1348 2099 1517 2175 nequirent,
1538 2097 1678 2174 legitimum

367 2220 536 2261 sermonem
558 2220 644 2262 suum
668 2204 829 2279 prudenter
851 2209 880 2260 et
901 2202 1018 2261 sortiter
1038 2201 1135 2280 magis
1158 2219 1248 2278 quam
1271 2208 1340 2278 apte
1366 2206 1397 2258 et
1416 2201 1515 2279 perite
1534 2199 1561 2258 ei
1581 2215 1678 2276 quoque

366 2302 486 2382 linguae
508 2303 681 2378 intulerunt,
703 2322 793 2380 quam
816 2321 901 2362 suam
922 2304 1048 2364 alteram
1069 2303 1222 2365 fecissent.

384 2535 387 2546 =
445 2507 557 2566 Forma
582 2518 704 2568 senatus
732 2509 863 2568 consulti
890 2508 927 2567 dc
956 2507 1117 2568 Thisbaeis
1144 2509 1193 2568 vel
1219 2507 1321 2585 potius
1348 2515 1473 2568 senatus
1501 2504 1676 2566 consultorum
1758 2511 1759 2538 l

365 2607 450 2681 (nam
475 2627 542 2668 cam
571 2619 778 2687 argumentum
806 2611 1009 2685 continuetur,
1036 2630 1107 2670 vere
1139 2617 1211 2670 sunt
1241 2609 1300 2670 duo
1332 2610 1455 2669 decreta
1483 2608 1560 2668 facts
1590 2607 1675 2665 diebus
1758 2599 1759 2640 ³

365 2707 507 2786 diversis)
530 2711 561 2767 in
586 2711 756 2770 universum
778 2712 883 2771 eadem
910 2720 956 2772 est
977 2721 1068 2790 atque
1092 2712 1166 2772 facti
1192 2711 1230 2771 de
1250 2711 1492 2771 Bacchanalibus
1517 2709 1676 2782 aliorumque

366 2819 455 2867 antea
482 2819 631 2869 notorum.
675 2815 782 2871 Annus
811 2813 976 2873 secundum
1002 2833 1088 2874 usum
1113 2803 1317 2874 Romanorum
1346 2811 1528 2888 antiquioris
1558 2805 1675 2884 temporis

366 2927 402 2966 co
425 2917 540 2971 tantum
561 2912 720 2986 indicatur,
745 2915 826 2990 quod
848 2916 1042 2992 magistratus
1063 2916 1115 2993 qui
1136 2922 1259 2974 senatus
1282 2913 1450 2974 consultum
1472 2913 1571 2972 iecerit
1588 2925 1674 2969 nonen
1758 2933 1759 2976 ι

366 3013 590 3088 praescribitur.
619 3049 656 3058 -
685 3013 733 3075 De
755 3016 870 3090 diebus,
898 3017 950 3093 qui
972 3025 1094 3078 senatus
1116 3017 1264 3077 consultis
1284 3015 1423 3075 omnibus
1446 3013 1674 3092 praescribuntur,

367 3131 435 3172 cum
457 3134 553 3191 nuper
573 3119 693 3196 egregie
717 3119 814 3197 egerit
835 3117 868 3178 C.
892 3117 988 3178 Bardt
1009 3117 1151 3195 (Hermes
1174 3119 1202 3188 7,
1228 3118 1279 3194 14)
1306 3117 1440 3176 adhibito
1463 3116 1550 3175 etiam
1564 3115 1618 3173 boc
1634 3110 1674 3169 dc·

365 3229 504 3276 cemento
531 3219 694 3278 etiamtunc
719 3220 850 3293 inedito,
885 3221 924 3280 ad
951 3239 1017 3280 eam
1046 3221 1326 3280 commentationem
1350 3219 1482 3278 lectores
1507 3219 1623 3277 remitto.
1643 3243 1672 3254 -

367 3315 469 3378 Locus
491 3320 562 3378 item
585 3322 722 3398 ponitur,
749 3323 858 3382 solitas
881 3341 987 3400 nempe
1008 3321 1038 3380 in
1061 3322 1196 3395 comitio,
1222 3321 1255 3381 id
1280 3321 1379 3381 estin
1401 3321 1486 3380 curia
1506 3315 1624 3378 Hostilia
1640 3313 1672 3388 (.
1758 3327 1759 3404 l

366 3419 428 3476 vol.
452 3419 468 3477 I
489 3441 519 3498 p.
546 3422 629 3499 113).
652 3455 691 3466 -
720 3420 893 3501 Sequuntur
919 3423 1041 3484 nomina
1068 3441 1171 3483 eorum
1193 3423 1244 3501 qui
1272 3423 1433 3482 scribundo
1459 3421 1614 3490 adsuerunt,
1634 3411 1673 3490 qui
1758 3443 1759 3482 ι

366 3519 396 3577 in
419 3522 519 3598 priore
541 3533 664 3585 senatus
685 3525 823 3584 consulto
844 3526 904 3584 duo
926 3534 1004 3597 sunt,
1031 3533 1065 3584 ut
1084 3524 1147 3584 bini
1168 3531 1284 3584 tantum
1311 3531 1404 3584 testes
1431 3520 1586 3602 perscripti
1609 3518 1672 3576 inve·
1758 3558 1759 3600 ,

367 3620 491 3681 niuntur
517 3625 549 3684 in
575 3634 698 3686 senatus
720 3627 866 3687 consultis
889 3627 1005 3688 duobus
1027 3627 1107 3704 apud
1128 3625 1292 3706 Iosephum
1312 3623 1464 3702 relatis2),
1485 3625 1515 3685 in
1536 3617 1673 3700 posteriore
1758 3633 1759 3652 ι

370 3892 395 3940 p.
412 3880 436 3938 7,
456 3879 604 3933 Hercbcrus
624 3899 664 3934 me
689 3885 776 3936 docuit
799 3903 852 3938 non
876 3889 938 3938 solis
956 3888 1063 3938 Boeotis
1084 3888 1217 3953 proprium
1242 3901 1311 3948 esse,
1338 3887 1384 3937 sed
1407 3887 1470 3936 item
1493 3876 1670 3948 frequentissime

368 3970 475 4032 reperiri
494 3974 563 4036 apud
583 3975 787 4042 Alexandrinos,
814 3987 842 4029 ut
867 3979 936 4044 apud
954 3979 1164 4044 Lycophroaem,
1189 3980 1217 4028 in
1241 3978 1358 4029 versione
1381 3977 1517 4029 bibliorum
1540 3968 1673 4038 septaawglnl⁸

369 4059 537 4126 interpretum
556 4067 661 4131 passim,
683 4068 793 4134 denique
813 4071 882 4135 apud
895 4071 1037 4136 Byzantios
1056 4077 1173 4122 auctores
1192 4071 1272 4121 medii
1291 4071 1356 4132 aevi,
1376 4077 1404 4119 ut
1423 4070 1451 4119 id
1471 4069 1556 4118 vitium
1572 4056 1672 4113 cernatis

370 4151 421 4201 late
443 4157 556 4218 petiuerit
575 4173 679 4209 necesse
699 4161 740 4210 sit.
778 4162 843 4212 Item
864 4156 944 4211 ivam
963 4178 987 4212 v.
1008 4163 1042 4213 st
1062 4177 1078 4213 a
1096 4169 1199 4226 recepto
1219 4177 1338 4214 sermone
1356 4161 1497 4212 abhorrens
1514 4155 1597 4208 iisdem
1612 4153 1672 4200 inter·

367 4245 483 4306 pretibus
512 4249 702 4302 Alexandrinis
730 4253 851 4304 usitatum
879 4269 943 4304 esse.
982 4254 1043 4305 Non
1071 4255 1157 4318 inepte
1180 4255 1258 4319 igitur
1282 4253 1391 4319 cogitari
1416 4252 1449 4302 ds
1471 4253 1599 4314 interprete
1614 4240 1672 4292 hilii

370 4342 584 4391 senatusconsulti
604 4342 704 4396 Romae
724 4345 833 4409 degente
853 4347 958 4396 natione
978 4346 1169 4408 Alexandrino,
1194 4345 1234 4395 vcl
1253 4352 1322 4396 certe
1340 4359 1357 4396 a
1375 4343 1471 4398 Graeci
1488 4337 1602 4393 sermonis
1617 4345 1671 4384 maa

371 4427 435 4480 ditia
455 4431 492 4480 ita
510 4433 604 4496 alieno,
625 4442 652 4484 ut
670 4450 686 4485 a
705 4435 853 4501 vulgaribus
872 4436 1003 4488 erroribus
1021 4453 1074 4488 uon
1094 4443 1204 4488 caveret.

446 4519 469 4582 ¹)
496 4524 565 4574 Haec
584 4527 638 4590 apti
657 4527 778 4577 vocabuli
798 4541 960 4592 comparum
980 4536 1041 4594 apto
1053 4529 1208 4595 permutatio
1221 4544 1274 4579 non
1293 4535 1346 4578 tam
1366 4527 1401 4577 ad
1413 4527 1545 4578 indendam
1557 4517 1670 4572 scribarum

370 4612 508 4665 referenda
526 4630 565 4666 ese
584 4632 662 4682 quam
681 4619 714 4668 ad
730 4619 866 4670 consilium
890 4634 979 4670 eorum
1004 4621 1048 4685 qui
1066 4620 1165 4671 Romae
1188 4619 1264 4670 rebus
1288 4627 1435 4685 praeerant,
1461 4633 1508 4669 nec
1528 4615 1579 4666 aine
1598 4607 1671 4658 idoli·

370 4716 447 4752 causa
465 4703 497 4776 τῇ
516 4705 599 4778 βουλῇ
616 4705 662 4758 τῶν
681 4705 843 4778 Συρακοσίων
861 4711 1000 4776 respondet
1018 4728 1071 4763 non
1089 4702 1106 4776 ἦ
1124 4699 1206 4776 βουλὴ
1225 4708 1272 4760 cciv
1288 4702 1428 4778 Ῥωμαίων,
1453 4709 1498 4760 sed
1519 4697 1534 4769 vi
1551 4691 1668 4770 alpina·

447 4791 471 4856 ²)
496 4798 586 4864 Antiq.
600 4799 658 4850 Iud.
675 4801 717 4864 1³,
733 4803 758 4864 9,
775 4803 798 4852 2.
821 4804 863 4866 14,
880 4804 904 4864 8,
921 4803 944 4854 b.
977 4804 1039 4855 Non
1057 4811 1096 4854 est
1115 4805 1199 4855 simile
1218 4803 1287 4870 quod
1306 4801 1466 4868 comparavit
1477 4799 1606 4852 Foucartas
1620 4787 1669 4840 rell·

371 4889 425 4933 tum
444 4888 513 4950 apud
533 4888 685 4942 Ciceronem
704 4892 749 4955 (ad
766 4895 821 4946 att.
836 4896 862 4958 4,
885 4897 927 4958 18,
950 4894 976 4957 2)
995 4897 1113 4947 consules
1132 4911 1156 4947 a.
1170 4896 1223 4947 699
1242 4901 1345 4960 pactum
1363 4894 1455 4970 fecisse
1473 4905 1529 4942 cum
1546 4879 1669 4952 perronna

371 4975 478 5027 daturos
498 4993 524 5028 se
544 4979 593 5030 duo
613 4983 770 5047 consulares,
797 4987 842 5052 qai
859 5002 885 5037 se
904 4986 1016 5038 dicerent
1033 4988 1061 5038 ia
1079 4987 1202 5038 ornandis
1215 4986 1360 5054 provinciis
1378 4977 1548 5036 conclavibus
1563 4963 1668 5027 terim

371 5065 494 5132 “dsuittb
520 5087 574 5121 cam
601 5075 698 5126 omnino
721 5091 751 5127 ne
775 5085 876 5130 senatus
899 5078 996 5146 quidem
1021 5095 1052 5131 ea
1074 5079 1115 5132 dia
1132 5077 1229 5148 fnisset
1247 5076 1317 5141 [cod.
1337 5075 1435 5144 quidem
1454 5067 1586 5140 santet]-
1616 5061 1669 5114 Nm

372 5161 512 5225 quodduo
526 5164 674 5217 consulares
690 5168 824 5222 scribendo
844 5171 946 5236 adsunt,
966 5171 1027 5224 inde
1048 5187 1101 5224 non
1119 5179 1187 5225 recte
1200 5171 1330 5238 colligitur
1348 5184 1401 5221 non
1414 5169 1470 5235 plns
1487 5165 1548 5217 daos
1564 5160 1669 5212 andam

371 5253 506 5307 scribendo
526 5256 648 5308 adfuisse.
1370 5270 1371 5273 ’
