3610 5956
601 1269 1061 1416 mnmmmnm

474 1520 550 1603 AD
584 1520 843 1610 CORPORIS
873 1523 1130 1610 VOLVMEN
1158 1527 1187 1608 L

165 1991 257 2084 AD
287 1990 770 2091 INSCRIPTIONES
804 1997 1014 2094 BELLO
1044 1999 1493 2096 HANNIBALICO

618 2145 1041 2244 ANTERIORES.

726 2361 931 2372 ...—

162 2485 254 2563 l(ad
275 2486 303 2561 1,
319 2487 374 2562 363
397 2489 435 2548 oi.
457 2488 473 2548 1
494 2510 523 2567 p.
540 2490 625 2568 553).
667 2491 745 2552 Post
770 2509 904 2553 annoav
929 2495 1047 2553 litterae
1074 2513 1099 2554 n
1124 2497 1253 2573 vestigia
1277 2497 1404 2557 inveniri
1431 2499 1493 2558 ulla

206 2597 296 2668 negat
316 2589 499 2650 Ritsohelius
519 2593 550 2651 in
573 2593 781 2673 supplemento
799 2593 885 2672 1111)
907 2616 936 2673 p.
952 2597 1015 2655 XX
1036 2596 1137 2675 lapide
1159 2599 1257 2656 denuo
1277 2599 1423 2676 inspecto.

1339 2736 1492 2746 ...-

162 2795 186 2854 2
213 2797 266 2874 (ad
287 2798 313 2870 1,
327 2797 383 2870 383
405 2799 443 2858 oi.
465 2799 482 2858 I
502 2819 532 2877 p.
548 2799 634 2878 553).
676 2801 759 2860 Idem
782 2803 824 2860 ait
844 2803 865 2861 l.
888 2821 913 2862 c.
936 2821 965 2879 p.
983 2804 1062 2863 XXI
1083 2805 1114 2863 in
1137 2805 1236 2882 lapide
1258 2823 1327 2866 esse
1348 2821 1491 2866 accvmv·

202 2917 282 2959 tavi.

161 3107 185 3168 3
211 3109 319 3169 litteris
340 3110 468 3168 vetustis
495 3109 527 3168 in
553 3110 721 3189 fragmento
750 3111 914 3171 columnae.
958 3113 1006 3172 De
1033 3116 1192 3174 marmoris
1218 3121 1326 3174 natura
1350 3115 1492 3175 differunt

202 3210 307 3287 periti3
328 3210 461 3270 Altinius
482 3211 585 3271 habuit
605 3231 661 3288 pro
683 3231 718 3270 eo
740 3231 769 3288 q.
792 3212 819 3272 d.
839 3215 1014 3289 polombino,
1037 3215 1231 3275 Martinorius
1254 3216 1334 3292 apud
1356 3215 1490 3278 Garruo-

201 3313 280 3372 aium
300 3331 357 3390 pro
377 3331 415 3371 eo
437 3332 466 3390 q.
489 3313 517 3370 d.
539 3317 721 3389 earnapione,
744 3313 840 3372 Ponzi
861 3314 1007 3391 geologus
1029 3316 1109 3392 apud
1131 3317 1257 3374 eundem
1278 3335 1334 3392 pro
1356 3335 1392 3375 eo
1414 3336 1444 3393 q.
1460 3317 1488 3375 d.

201 3415 336 3473 tnaioia'eo
357 3413 469 3474 effosso
491 3433 531 3473 ex
551 3414 702 3474 montibus
718 3411 935 3474 Corniculanis.
971 3415 1047 3492 Rep.
1069 3415 1108 3474 ad
1130 3416 1338 3476 duodecimum
1357 3417 1488 3494 lapidem

202 3515 268 3574 viae
290 3515 441 3576 Ostiensis
462 3515 538 3575 aella
559 3525 654 3576 tenuta
676 3516 707 3572 di
728 3515 885 3590 Molaseda.
921 3515 1039 3574 Deinde
1061 3517 1140 3596 apud
1162 3518 1344 3595 sculptorem
1359 3517 1487 3578 Fabium

201 3616 358 3680 Altinium.
400 3618 467 3676 Iam
488 3618 519 3677 in
540 3617 683 3676 cavaedio
704 3617 797 3675 musei
819 3616 1041 3678 Lateraneneis.

681 3771 714 3814 Vl
725 3769 738 3810 1
749 3777 768 3808 11

681 3859 803 3915 otim

681 3969 755 4015 ami
764 3971 849 4017 ituit

679 4072 761 4116 namo
776 4083 782 4110 ι
799 4071 981 4130 mommo„

155 4197 319 4257 Hennaeus
340 4195 422 4256 Bali.
447 4194 526 4254 1869
552 4213 582 4270 p.
599 4190 658 4254 267
686 4192 737 4272 qui
763 4192 838 4252 vidit
863 4202 893 4254 et
920 4194 958 4252 ab
984 4194 1090 4252 eodem
1111 4194 1296 4253 Ritsohelius
1322 4195 1353 4252 in
1379 4211 1484 4271 opuoo.

153 4298 299 4376 philolog.
323 4296 352 4364 8,
368 4295 438 4356 776.
474 4295 557 4354 Misit
578 4295 764 4354 Mommseno
786 4294 995 4354 Benndorfiue.
1033 4293 1215 4353 Garrocoius
1237 4293 1280 4352 ἅθ’
1304 4297 1406 4353 canoni
1426 4299 1484 4370 api-

150 4400 254 4476 prafici
273 4399 306 4458 di
325 4397 410 4456 Frid.
432 4397 545 4458 Rtaott
566 4415 605 4455 ex
626 4395 815 4472 ephemeride
831 4395 936 4455 Civiltd
958 4396 1092 4454 oattoliaa
1114 4413 1170 4452 ser.
1188 4395 1205 4452 7
1226 4395 1285 4453 vol.
1302 4395 1320 4455 9
1343 4413 1372 4471 p.
1389 4394 1482 4472 4an.

153 4501 257 4560 addita
277 4499 408 4576 imagine
429 4497 656 4576 lithographioa.

194 4601 276 4660 Tota
295 4600 449 4677 discriptio
471 4617 538 4659 oum
560 4598 688 4658 obscura
709 4597 758 4670 ait7
781 4597 818 4657 de
839 4615 875 4656 eo
897 4598 979 4676 quod
997 4597 1095 4656 solum
1111 4597 1172 4655 iere
1187 4596 1372 4675 intellegitur
1380 4597 1482 4680 plait-

153 4721 208 4780 pro
225 4701 322 4779 pleb·,
344 4702 489 4780 agitio.
511 4698 704 4759 Ritsohelius.
740 4699 919 4758 Extremum
939 4698 1118 4757 vocabulum
1139 4697 1297 4777 legendum
1319 4716 1387 4760 esse
1407 4716 1482 4760 nao-

229 4935 254 5004 ¹)
288 4931 404 4992 'Priscae
421 4938 571 4990 Latinitatis
594 4937 775 5004 epigraphieae
799 4929 984 5002 supplementa*
1007 4937 1119 5002 quinquo
1138 4937 1207 4988 edita
1225 4937 1333 4988 Bonnae
1356 4953 1373 4987 a
1390 4927 1480 4988 litide-

153 5035 208 5086 rloo
224 5031 368 5085 Ritoalaalio
391 5039 417 5082 et
441 5030 545 5098 qnidam
563 5029 676 5094 primum
701 5028 757 5094 (pp.
770 5029 867 5091 XVII)
887 5043 911 5079 a.
926 5029 1012 5090 teta,
1037 5029 1177 5080 secundnm
1197 5027 1255 5094 (pp.
1269 5028 1339 5090 XII)
1359 5043 1383 5078 a.
1399 5029 1478 5089 1863,

154 5127 255 5176 tertium
275 5123 328 5189 (pp.
337 5122 430 5185 XXII)
450 5138 474 5173 a.
487 5122 587 5184 eodem,
607 5127 726 5187 quartum
738 5119 792 5184 (pp.
801 5119 907 5182 XVIII>
920 5135 944 5172 a.
957 5121 1036 5184 1864,
1056 5122 1172 5186 quintum
1186 5119 1238 5186 (pp.
1249 5119 1326 5181 XXI)
1340 5133 1364 5170 a.
1378 5119 1476 5178 eodem,

153 5215 191 5267 aio
207 5223 237 5267 nt
255 5230 333 5282 supra
349 5215 446 5266 iactum
464 5219 504 5265 eat
520 5227 538 5264 a
555 5213 631 5265 nobie
649 5211 835 5277 allegabantur.
