3578 5962
334 621 426 696 '244
870 635 1149 691 amensamens

348 815 381 876 in
395 811 620 874 desuetudinem
639 811 769 883 venisse,
790 809 887 871 solum
907 810 1085 870 vocabulum
1106 808 1266 882 mansisse,
1286 809 1331 867 ita
1351 817 1385 867 ut
1399 805 1535 868 Graecos
1556 827 1625 870 cunr
1645 809 1676 870 Al

351 933 408 977 sua
428 917 562 994 ipsorum
581 913 685 990 lingua
705 912 873 989 exprimere
888 911 1052 982 studerent,
1074 928 1176 970 veram
1197 909 1260 969 eius
1274 909 1334 968 vim
1349 927 1410 968 non
1430 919 1589 971 assecutos
1609 929 1675 976 esse

348 1017 413 1076 veri
433 1015 580 1076 dissimile
600 1033 660 1074 non
681 1014 767 1090 sitl),
787 1013 965 1091 praesertim
982 1030 1054 1079 ,cunr
1069 1010 1195 1070 duorum
1216 1009 1343 1070 aliorum
1357 1010 1513 1070 titulorum
1527 1011 1674 1090 'exemplo

348 1118 572 1195 comprobetur,
599 1115 630 1174 in
652 1115 707 1174 tae
731 1133 764 1173 re
791 1131 851 1173 non
876 1112 1042 1173 obtinuisse
1067 1111 1147 1190 apud
1169 1109 1305 1172 Graecos
1327 1112 1504 1172 sollemnem
1525 1112 1674 1189 quendam

348 1235 434 1280 usum
457 1235 492 1277 ac
512 1235 626 1277 morem
649 1215 796 1274 formulae
817 1213 945 1274 Latinae
970 1213 1224 1289 interpretandae,
1252 1211 1305 1272 sed
1327 1231 1393 1272 eam
1414 1231 1477 1272 rem
1498 1214 1531 1272 in
1552 1214 1674 1274 arbitrio

347 1319 592 1395 uniuscuiusque,
607 1318 659 1394 qui
672 1317 789 1376 titulum
804 1323 1003 1393 componeret,
1025 1315 1155 1390 positam
1169 1314 1273 1374 fuisse.
1307 1311 1397 1386 Quod
1410 1313 1504 1373 multo
1525 1315 1673 1375 infelicius

349 1422 439 1482 etiam
454 1438 545 1497 quam
560 1418 739 1477 Atheniensi
753 1424 867 1490 nostro,
890 1414 992 1478 Samio
1014 1415 1059 1474 illi
1074 1416 1201 1475 cessisse
1215 1414 1356 1486 vidimus,
1376 1415 1431 1491 qui
1451 1415 1572 1474 titulum
1587 1435 1675 1496 supra

348 1523 473 1582 allatum
495 1520 623 1595 scripsit.
640 1551 678 1562 —
700 1516 737 1576 V.
755 1518 771 1577 7
793 1511 1013 1600 uspavqeqe'pev
1036 1516 1174 1594 supplevi
1196 1516 1279 1592 quod
1299 1533 1336 1574 ea
1354 1515 1420 1575 sola
1433 1516 1566 1577 nominis
1580 1516 1675 1576 forms

348 1623 460 1683 tradita
480 1595 527 1680 est
547 1619 622 1696 (Dio
644 1619 695 1691 55,
718 1617 786 1696 23);
809 1618 863 1678 sed
883 1618 958 1676 haec
979 1634 1040 1674 vox
1061 1617 1191 1692 spatium
1212 1616 1358 1676 excedere
1384 1615 1553 1694 videtum),
1584 1636 1674 1696 qnare

347 1724 481 1784 tortasse
501 1721 601 1800 potius
622 1719 811 1802 aspectionis
825 1718 1012 1777 scribendum
1034 1718 1101 1791 erit,
1122 1717 1202 1795 quod
1216 1717 1328 1777 Latino
1342 1717 1517 1795 suludcutue
1538 1729 1674 1780 accurata

347 1822 551 1901 responderet.
587 1819 625 1879 V.
644 1823 681 1880 11
705 1820 845 1879 vocabuli
869 1809 1106 1894 ἀποδεδειγμένον
1132 1819 1260 1896 vestigia
1280 1818 1448 1878 certissima
1469 1828 1557 1894 sunt3
1586 1831 1675 1898 atque

347 1925 378 1984 id
399 1941 466 1984 cum
485 1922 680 1999 sequentibus
695 1919 932 1999 coniungendam
954 1937 1031 1992 esse,
1052 1937 1114 1978 non
1134 1920 1260 1979 cumiis
1274 1937 1351 1996 quae
1372 1921 1562 1995 antecedunt,
1583 1931 1673 2000 patet.

346 2024 427 2087 Nam
448 2033 584 2102 quaestor
598 2026 743 2100 principis
764 2040 882 2099 semper
903 2020 941 2080 ab
962 2021 1031 2096 ipso
1052 2020 1187 2098 principe
1207 2020 1391 2097 designatur,
1412 2040 1504 2098 quare
1525 2016 1674 2081 αἰιοδιδιι·

347 2117 448 2204 quivas
473 2121 521 2182 ὑπ’
548 2121 639 2181 αὐτοῦ
663 2123 798 2182 additum
825 2121 1069 2181 molestissimam
1095 2122 1292 2199 tautologiam
1314 2123 1453 2182 efficeret.
1502 2121 1622 2184 Contu-a
1648 2124 1673 2183 si

347 2246 383 2288 ea
403 2227 496 2288 verba
516 2225 553 2284 ad
576 2213 777 2308 [dqopavdabv
798 2223 879 2300 quod
901 2223 1037 2299 sequitur
1056 2219 1232 2296 referamus,
1258 2243 1319 2283 non
1344 2224 1442 2283 solum
1463 2242 1531 2284 eum
1553 2244 1573 2285 a
1594 2227 1673 2304 prin·

338 2329 412 2408 ⁴cipe
433 2326 560 2386 aedilem
582 2325 767 2384 nominatum
789 2342 856 2384 esse
877 2323 1034 2396 indicatur,
1061 2323 1225 2382 sedetiam
1246 2333 1310 2384 tum
1330 2342 1398 2383 eum
1419 2326 1526 2386 titulus
1547 2345 1672 2404 ponere·

345 2439 404 2502 tur,
426 2431 604 2505 designatum
625 2427 746 2503 quidem
767 2427 872 2498 fuisse,
894 2425 948 2484 sed
968 2425 1100 2484 nondum
1122 2425 1329 2502 magistratum
1348 2421 1506 2502 iniisse⁸);
1530 2433 1624 2504 atque
1642 2447 1673 2488 re

250 2555 253 2564 ⁴
346 2548 418 2589 vera
442 2530 492 2588 bic
519 2526 643 2588 ultimus
674 2535 705 2586 et
731 2543 865 2586 summus
892 2527 1086 2603 magistratus
1118 2534 1180 2598 est,
1213 2527 1266 2602 qui
1291 2527 1324 2586 in
1350 2526 1439 2585 titulo
1465 2529 1671 2604 perscribitur,

345 2649 438 2708 quum
459 2630 560 2688 statim
581 2630 646 2687 eius
666 2629 718 2705 qui
740 2636 871 2687 statuam
891 2627 992 2703 posuit
1015 2645 1125 2685 nomen
1144 2626 1352 2706 subiungatur.
1395 2627 1457 2688 Pro
1473 2622 1671 2713 [dqopcoe'abv

345 2729 480 2806 suppleri
501 2735 600 2806 potest
620 2721 807 2808 [δέμαρχ]ιν,
833 2727 886 2786 sed
910 2727 963 2786 illo
984 2726 1130 2788 vocabulo
1152 2727 1280 2804 spatium
1302 2727 1410 2788 melius
1431 2729 1580 2806 expletur.
1623 2729 1670 2790 De

345 2831 466 2889 nomine
490 2829 556 2888 eius
579 2829 630 2906 qui
654 2828 772 2887 titulum
801 2827 950 2887 dedicavit
975 2845 1030 2905 pro
1055 2836 1137 2887 certo
1162 2827 1222 2888 dici
1248 2837 1363 2906 potest,
1390 2831 1469 2888 inter
1489 2849 1671 2907 praenomen

346 2939 376 2991 et
390 2947 565 3010 cognomen,
580 2947 657 3006 quae
672 2929 789 3022 integra
803 2935 883 3004 sunt,
905 2928 965 2988 duo
984 2928 1106 2989 nomios
1120 2929 1272 3008 gentilicia
1292 2930 1566 3010 scripturulam),
1589 2934 1670 3010 prius
1781 2927 1782 2945 ¹

333 3107 550 3126 ¹⁸*

420 3258 446 3329 ¹)
469 3260 554 3313 Multo
573 3259 658 3325 aptius
677 3265 743 3310 esset
764 3259 875 3324 simplex
893 3247 1026 3330 xdraoetr,
1046 3273 1125 3325 quum
1143 3246 1263 3330 χωνιιῖιιν
1281 3271 1339 3310 eam
1357 3259 1410 3310 vina
1428 3258 1525 3311 habeat
1542 3275 1610 3330 quse
1627 3261 1668 3314 bie

344 3353 512 3416 desideratur,
532 3351 577 3403 sed
596 3367 627 3401 eo
647 3351 759 3416 spatium
777 3366 832 3402 non
850 3351 976 3416 expletur.

419 3443 444 3508 ²)
470 3443 633 3508 Quamquam
645 3457 699 3492 non
718 3456 749 3493 ea
768 3449 806 3492 est
824 3443 851 3492 in
863 3442 914 3492 hoc
926 3442 1001 3492 titulo
1021 3441 1190 3509 aequabilitas
1203 3441 1353 3514 scripturae,
1372 3448 1402 3492 ut
1414 3441 1524 3493 duarum
1536 3443 1668 3496 literarum

342 3536 485 3589 discrimini
503 3536 612 3585 multum
631 3533 795 3583 tribuendum
814 3535 855 3583 sit.

417 3625 454 3690 ⁸)'
467 3627 569 3677 Temen
581 3624 648 3674 hauc
665 3639 720 3674 rem
733 3624 803 3693 haud
816 3626 854 3674 ita
865 3624 963 3675 levibus
976 3623 1178 3674 dubitationibus
1197 3623 1337 3674 obnoxiam
1356 3636 1412 3673 esse
1427 3623 1477 3674 Th.
1490 3623 1667 3678 Mommsenus

343 3732 384 3768 me
403 3716 550 3768 admonuit:
577 3706 704 3766 ‘Primum
726 3715 855 3780 legitimus
878 3731 963 3766 sermo
989 3716 1097 3781 requirit
1119 3713 1224 3766 aedilem
1247 3712 1415 3781 desiqratauu,
1441 3729 1494 3765 non
1513 3714 1668 3784 ᾰιιιριιαιιι

344 3807 458 3858 aedilem.
490 3805 593 3858 Deinde
606 3807 769 3870 magistratus
783 3805 910 3871 designati
928 3807 973 3857 ubi
986 3807 1159 3868 inveniuntur,
1178 3819 1309 3872 nunquam
1327 3805 1430 3858 additur
1448 3805 1597 3872 designatos
1615 3823 1667 3860 esse

345 3897 379 3947 ab
397 3898 566 3962 imperatore,
595 3910 678 3962 neque
697 3903 766 3947 recte
784 3897 845 3947 addi
863 3899 962 3962 potuit,
987 3914 1045 3948 cum
1067 3899 1163 3949 creatio
1181 3899 1358 3963 magistratum
1375 3897 1534 3950 urbanorum
1554 3902 1665 3965 exceptis

342 3987 491 4039 consulibus
509 3986 543 4038 ad
556 3993 672 4038 sensurm
685 3989 830 4052 pertineret.
858 3989 945 4054 Magis
964 3990 1117 4040 crediderim
1133 3989 1213 4039 rerba
1230 3981 1434 4056 dsedsduyptses
1451 3979 1489 4037 ὕπ’
1508 3979 1587 4040 edred
1603 3991 1665 4041 reie-

341 4079 424 4130 rends
442 4093 497 4130 esse
516 4079 549 4129 sd
566 4085 728 4145 quaestorem
747 4079 912 4131 candidatum
929 4080 1051 4147 Augusti.
1079 4081 1177 4132 Verum
1196 4086 1235 4130 est
1253 4093 1285 4130 ea
1296 4080 1374 4130 rerba
1390 4081 1428 4130 ita
1439 4093 1532 4144 parurn
1550 4087 1666 4133 aoeursts

340 4173 419 4236 verti3
445 4185 506 4222 nam
525 4177 647 4238 quaestor
665 4170 817 4222 candidatus
835 4172 946 4237 Augusti
965 4173 998 4223 ab
1017 4173 1173 4238 imperatore
1188 4172 1337 4222 nominatur
1353 4172 1435 4236 magis
1453 4185 1531 4236 quam
1550 4171 1665 4238 designa·

340 4270 395 4328 tur3
419 4263 466 4314 sed
489 4277 521 4314 ea
543 4263 669 4314 sermonis
693 4262 801 4326 legitimi
819 4262 966 4314 differentia
989 4263 1059 4315 haud
1082 4264 1135 4314 scio
1154 4278 1189 4314 an
1210 4262 1284 4314 reddi
1302 4260 1403 4315 Graece
1421 4261 1528 4312 omnino
1547 4273 1662 4329 nequest.

339 4355 438 4406 Verum
456 4355 517 4404 item
537 4361 575 4404 est
593 4353 678 4404 adhuc
696 4353 796 4403 nullam
815 4355 917 4404 titulum
935 4355 1068 4405 inventurn
1086 4370 1142 4405 esse
1160 4355 1303 4421 quaestoris
1321 4353 1446 4417 Augusti,
1470 4353 1515 4418 qui
1538 4353 1609 4405 idern
1626 4353 1662 4404 di-

338 4451 438 4496 ceretur
465 4445 617 4496 candidatus
641 4445 766 4509 Augusti;
795 4446 864 4510 quod
887 4445 943 4496 sine
969 4445 1048 4496 dubio
1072 4461 1127 4496 non
1150 4460 1211 4496 essu
1236 4445 1338 4507 accidit,
1363 4443 1408 4494 sed
1431 4449 1571 4508 propterea
1597 4445 1663 4511 quod

338 4543 500 4600 quaestores,
524 4538 568 4603 qui
586 4537 705 4601 Augusto
729 4540 832 4601 praesto
855 4543 953 4599 essent,
978 4551 1080 4602 semper
1102 4535 1280 4602 deligebantur
1302 4549 1336 4586 ex
1360 4533 1540 4601 quaestoribus
1557 4535 1662 4602 abipso

338 4627 487 4689 nominatis,
506 4635 535 4676 ut
553 4627 598 4678 illo
611 4627 697 4692 posito
715 4626 765 4676 hoc
780 4641 881 4690 quoque
900 4641 928 4677 re
945 4627 1004 4692 ipsa
1021 4627 1289 4692 comprehenderetur.
1319 4626 1375 4680 Sed
1385 4625 1471 4691 potuit
1486 4640 1551 4678 sane
1569 4633 1661 4678 ιιιιιιιι·

338 4729 388 4781 que
407 4716 484 4766 simul
502 4719 630 4770 enuntiari
647 4718 761 4767 maxime
778 4717 805 4766 iu
824 4717 899 4767 titulo
918 4715 1017 4769 Graece
1036 4709 1147 4784 seripto'.

414 4803 440 4868 ⁴)
462 4807 499 4858 Ut
515 4807 586 4859 idem
604 4808 683 4858 homo
702 4806 801 4857 duobus
820 4807 968 4859 nominibus
979 4810 1116 4874 gentiliciis
1135 4813 1228 4871 utatur,
1247 4808 1277 4859 iu
1294 4807 1348 4858 iam
1362 4807 1506 4874 primorum
1524 4807 1659 4873 imperatu·

337 4911 396 4948 rum
408 4903 523 4961 tempore
541 4913 595 4948 non
612 4913 672 4948 raro
684 4899 741 4949 fleri
760 4898 924 4950 notissimum
942 4905 988 4949 est.
1019 4901 1162 4951 Hominum
1176 4899 1335 4951 Graecorum
1354 4899 1459 4949 alterius
1478 4911 1508 4949 ao
1520 4899 1590 4949 tertii
1607 4910 1658 4949 sse·

336 4988 388 5039 culi
415 4988 535 5053 exempla
557 4989 684 5038 eiusmodi
706 4997 766 5040 suut
792 4991 827 5040 A.
855 4980 1004 5059 ‘Epiv[ssrs]
1029 4985 1189 5060 Σιπίμ[ιοι]
1213 4977 1372 5058 Ἦλιέδιιρος
1402 4989 1433 5040 C.
1459 4989 1483 5040 1.
1508 4989 1590 5040 3204.
1621 4983 1655 5036 A.

336 5071 474 5146 Σιπίμιος
497 5065 624 5145 Atpq'taee
641 5075 769 5146 Στιφιινος
788 5081 868 5133 3205.
910 5081 941 5130 Γ.
960 5070 1091 5140 ’Andreae
1107 5076 1247 5150 Σεπτίμιος
1265 5073 1383 5138 lldsiase
1402 5081 1483 5131 3208.
1520 5079 1552 5131 In
1570 5078 1656 5146 quibus

335 5169 416 5219 titulis
433 5183 496 5219 sane
514 5168 698 5233 Septimiomm
716 5186 811 5222 nomeu
829 5187 845 5222 a
863 5173 990 5237 Septimio
1008 5173 1105 5227 Severo
1123 5175 1291 5238 repetendum
1310 5187 1366 5226 esse
1383 5172 1498 5236 videturs
1519 5169 1654 5222 sedetiam

334 5267 411 5313 autea
429 5260 546 5312 homines
565 5258 681 5313 Graecos
698 5261 749 5314 boo
765 5278 859 5315 nomen
880 5265 990 5330 gessisse
1007 5279 1054 5331 per
1071 5281 1099 5318 se
1116 5271 1195 5332 patet.
