3582 5956
552 938 677 1054 ens
713 933 1052 1054 tvoronnn
1089 931 1398 1054 urrunnu
1486 912 1490 918 ’

872 1207 1076 1220 ὴ

392 1398 460 1460 ‘Per
485 1392 621 1458 tutorem'
648 1402 679 1456 et
697 1391 803 1456 ‘tutore
828 1389 958 1457 auetore'
986 1394 1080 1456 verba
1104 1394 1239 1474 plerique
1265 1393 1440 1473 peritiorum
1466 1396 1510 1456 ita
1535 1395 1647 1456 distin·

310 1511 419 1582 guent,
445 1506 478 1560 ut
502 1498 578 1559 iliud
603 1498 718 1558 dicatur
739 1497 791 1558 ubi
813 1497 896 1558 solus
919 1506 999 1558 tutor
1019 1516 1082 1557 rem
1102 1508 1243 1577 peragat,
1268 1497 1328 1557 hoc
1347 1498 1398 1558 ubi
1419 1497 1485 1575 ipse
1505 1496 1645 1577 pupillus

270 1637 273 1652 ι
310 1624 373 1666 rem
394 1611 488 1682 geret,
510 1609 591 1661 tutor
612 1609 710 1660 eutem
733 1599 861 1662 consilio
883 1609 914 1658 et
934 1599 1113 1660 auctoritate
1134 1599 1287 1677 negotium
1309 1599 1472 1660 confirmet

394 1707 438 1764 At
459 1721 529 1764 vero
556 1707 705 1782 repugnat
732 1709 836 1760 notum
861 1701 1040 1780 rescriptum
1062 1699 1150 1762 Decii
1175 1699 1366 1778 imperatoris
1388 1702 1425 1762 de
1446 1703 1645 1780 possessione

310 1807 416 1868 infanti
438 1803 610 1883 quaerenda
630 1803 700 1864 L.3
722 1800 758 1864 C.
781 1804 818 1864 de
839 1820 923 1882 poss.
947 1803 975 1876 7,
992 1801 1045 1863 32:
1071 1799 1268 1862 ‘Donstarum
1294 1823 1395 1864 rerum
1423 1823 1442 1862 a
1461 1821 1645 1882 quacunque

310 1925 439 1987 persona
459 1907 567 1966 infanti
587 1923 684 1965 vacue
699 1903 853 1982 possessio
867 1903 978 1964 tradite
992 1895 1117 1981 corpore
1133 1903 1295 1982 quaeritur.
1331 1906 1471 1981 quemvis
1486 1905 1566 1965 enim
1581 1907 1646 1965 sint

309 2017 465 2071 anctorum
492 2008 657 2068 sententies
684 2006 915 2078 dissentientes,
943 2015 1042 2064 temen
1063 2006 1230 2067 consultius
1251 2006 1380 2081 videtur,
1405 2007 1543 2080 interim,
1570 2008 1646 2067 licet

309 2112 402 2172 enimi
427 2109 536 2188 plenus
556 2126 617 2169 non
638 2109 746 2169 inisset
767 2108 907 2182 affectus,
929 2107 1153 2187 possessionem
1174 2127 1229 2186 per
1249 2107 1439 2168 treditionem
1460 2125 1530 2170 esse
1550 2126 1646 2186 quae·

309 2213 411 2273 sitam:
437 2210 586 2290 alioquin,
608 2210 695 2271 sicuti
716 2209 934 2271 consultissimi
954 2211 1012 2270 viri
1032 2209 1193 2289 Papiniani
1212 2227 1362 2290 responso
1382 2209 1562 2283 continetur,
1588 2231 1645 2273 nec

308 2311 428 2394 quidem
449 2332 504 2391 per
525 2319 654 2374 tutorem
672 2312 780 2373 infanti
793 2313 905 2389 poterit
919 2307 1055 2390 edquiri.’
1082 2329 1186 2390 ,neque
1200 2310 1279 2372 enim
1294 2319 1327 2372 ut
1341 2311 1423 2372 solus
1437 2319 1521 2373 tutor
1534 2313 1644 2374 infanti

309 2414 535 2496 possessionem
556 2421 682 2492 quaerat
702 2431 758 2475 suo
781 2424 860 2489 actu,
882 2414 936 2474 sed
958 2420 1074 2474 tantum
1096 2414 1313 2474 ut'auctorites
1328 2420 1408 2474 recto
1422 2413 1644 2491 interponatur,

308 2534 433 2580 necesse
459 2522 506 2576 est
530 2515 626 2596 ipsius
648 2515 772 2575 infantis
791 2510 944 2594 ‘corpore’,
969 2515 1002 2574 id
1027 2523 1075 2576 est
1102 2515 1355 2593 apprehensione,
1381 2524 1412 2576 et
1436 2515 1539 2576 animo
1562 2515 1645 2578 ‘licet

261 2649 262 2655 κ
308 2621 408 2679 miuus
422 2613 531 2695 pleno’,
553 2635 613 2677 non
628 2617 725 2677 solam
739 2617 952 2690 detentionem,
968 2617 1021 2677 sed
1035 2617 1132 2694 ipsam
1144 2611 1382 2696 ‘possessionem’
1401 2613 1536 2678 'interim’
1549 2631 1643 2693 certe,

307 2720 340 2780 id
366 2728 414 2780 est
440 2717 534 2779 donec
561 2727 642 2778 tutor
669 2719 878 2780 auctoritatem
906 2728 958 2778 eut
983 2717 1186 2778 accommodet
1206 2725 1258 2778 aut
1279 2718 1421 2796 deneget,
1449 2720 1557 2780 infanti
1579 2721 1641 2782 iem

309 2839 379 2883 csse
399 2818 577 2898 quaesitam.
615 2825 644 2878 et
662 2819 707 2878 ito
720 2820 844 2898 primus,
866 2820 946 2897 quod
962 2821 1066 2894 scia'm,
1087 2820 1262 2880 Alexander
1275 2818 1491 2881 Constantinus
1507 2819 1645 2884 Sendrea

309 2923 462 2983 Romanum
492 2919 525 2981 in
551 2920 761 2982 dissertatione
784 2905 824 2982 de
850 2923 1044 2998 possessione
1072 2941 1127 2999 per
1151 2923 1242 2982 dium
1270 2921 1456 2999 adquirenda
1487 2922 1643 3000 (Beroiini

312 3005 406 3100 1865)
428 3039 497 3101 pag.
513 3021 552 3082 37
574 3041 638 3082 rem
659 3023 822 3101 expetivit

393 3123 455 3186 Sed
477 3129 544 3184 utut
565 3124 640 3185 hoec
659 3125 772 3185 rectius
794 3143 884 3202 quam
906 3136 996 3186 antea
1014 3125 1168 3186 intellecto
1183 3144 1219 3186 ec
1234 3125 1386 3206 disputata
1398 3127 1519 3202 suerint,
1540 3138 1644 3192 tamen

308 3226 454 3290 eiusmodi
475 3226 636 3287 locutionis
658 3226 756 3294 adhuc
776 3227 897 3287 defuere
918 3227 1099 3288 testimonia.
1135 3227 1326 3304 nequeenim
1340 3230 1445 3305 negari
1459 3232 1560 3308 potnit
1579 3229 1644 3312 ‘per

308 3323 444 3392 tutorem’
466 3337 537 3389 tunc
558 3328 677 3388 demum
699 3328 764 3388 fleri
787 3327 881 3388 videri
904 3327 954 3388 ubi
976 3330 1059 3416 solus
1080 3337 1162 3389 tutor
1177 3338 1257 3407 agat,
1278 3347 1338 3390 non
1352 3329 1402 3389 nbi
1415 3330 1526 3408 pupilli
1539 3338 1644 3414 agenti

308 3431 516 3492 austeritatem
535 3429 695 3490 dumont
715 3431 932 3490 accommodet:
959 3427 995 3491 L.
1014 3433 1028 3490 1
1047 3431 1065 3490 3
1086 3429 1126 3490 20
1145 3428 1186 3491 D.
1209 3429 1246 3490 de
1269 3447 1353 3508 poss.
1375 3430 1440 3508 (41,
1455 3431 1489 3509 i)
1511 3431 1547 3495 L
1564 3435 1584 3495 5
1604 3433 1642 3498 C.

307 3531 429 3611 quando
449 3550 489 3592 ex
510 3531 590 3591 iacto
612 3531 719 3592 tutoris
742 3531 786 3610 (5,
801 3531 866 3610 39).

390 3631 506 3693 Gratus
531 3632 624 3710 igitur
650 3633 823 3709 supervenit
843 3631 1004 3712 Bingensis
1030 3634 1133 3695 titulus
1159 3633 1336 3711 sepulcralis
1362 3633 1462 3696 editus
1489 3653 1587 3713 nuper
1605 3639 1641 3698 in

306 3733 497 3815 ephemeride
518 3733 744 3812 archaeologico
764 3732 993 3812 Berolinensi¹)
1014 3735 1179 3795 indubitate
1200 3735 1243 3802 ite
1263 3735 1420 3812 legendus:
1448 3733 1492 3798 Ὁ.
1509 3736 1639 3800 Vescius

307 3835 343 3897 0.
363 3832 517 3911 lib(ertus)
535 3827 542 3911 Ι
559 3833 680 3896 Primus
702 3835 801 3896 lanius
823 3835 900 3913 h(ic)
923 3835 1030 3914 s(itus)
1052 3835 1138 3914 e(st).
1158 3832 1164 3918 Ι
1188 3834 1224 3897 0.
1239 3835 1368 3897 Vescino
1389 3834 1426 3899 0.
1447 3837 1562 3918 nitius)
1584 3838 1639 3903 Se-

306 3953 397 3998 verus
421 3936 426 4012 Ι
450 3942 481 3994 et
504 3933 670 4012 Peregrina
697 3933 731 3995 0.
756 3931 761 4017 Ι
784 3934 874 3997 Vesci
902 3937 966 3998 fllia
992 3935 1135 4019 iecerulnt
1160 3957 1215 4016 per
1240 3945 1392 4000 auctorem
1417 3939 1422 4016 Ι
1444 3947 1575 4001 tutorem
1599 3939 1638 4002 0.

305 4025 416 4098 Vestio
434 4035 440 4113 Ι
459 4032 783 4115 c.1ib(erto)Vaero.’
816 4057 885 4098 nem
905 4039 949 4098 ibi
967 4035 1031 4118 ‘por
1051 4033 1187 4100 tutorem’
1207 4057 1263 4118 pro
1283 4035 1389 4100 'tutore
1410 4037 1540 4101 anctore'
1562 4042 1639 4102 dioi-

305 4149 355 4201 tur
375 4139 464 4223 idque
486 4143 612 4218 apparet
633 4157 693 4199 non
715 4139 811 4200 solum
833 4159 872 4201 ex
893 4141 1093 4220 appositione,
1112 4127 1217 4202 rerum
1238 4141 1327 4202 etiam
1349 4160 1388 4201 ex
1409 4141 1560 4202 ablativis.

307 4299 510 4312 ,-

383 4379 407 4440 ¹)
435 4380 471 4430 A.
487 4377 557 4430 1869
577 4379 628 4430 roi.
642 4381 676 4439 27
697 4382 772 4446 pio
795 4381 840 4432 ubi
858 4381 1034 4434 Mommsenue
1058 4382 1211 4450 significavit
1229 4382 1278 4434 sibi
1298 4395 1356 4434 eam
1374 4381 1531 4435 locutionem
1550 4390 1637 4436 orum

305 4471 386 4523 rideri
405 4485 438 4522 ex
457 4469 566 4524 duarum
585 4469 755 4523 formularum
774 4473 894 4539 imperita
912 4473 1071 4526 confusione.

738 5313 839 5366 Formis
858 5313 1023 5368 Academicis
1042 5313 1086 5378 (G.
1100 5315 1198 5380 Vogt).
