3582 5956
175 1572 260 1684 ns
298 1572 602 1690 nvminis
641 1573 1108 1694 consummare
1147 1583 1412 1702 nerins

552 1748 1038 1865 nesciremus.
1159 1918 1165 1924 Ι

694 2018 897 2032 *a

214 2223 263 2286 Dc
284 2234 399 2286 mutata
418 2228 592 2289 consulatus
607 2229 737 2291 Romani
756 2233 873 2291 ratione
894 2241 1055 2311 postquam
1076 2240 1144 2291 octo
1159 2234 1221 2294 iere
1242 2237 1350 2299 abhinc
1364 2261 1459 2303 annos

128 2327 293 2404 disputarit
317 2327 533 2389 Brambachius
559 2330 700 2407 (Bonnaa
721 2331 831 2411 1864),
857 2332 939 2392 baud
966 2352 1063 2411 pauca
1088 2345 1280 2396 monumenta
1304 2340 1336 2400 in
1358 2342 1459 2421 ,lucem

127 2429 317 2507 prodierunt,
344 2430 453 2506 quibus
478 2450 516 2490 ea
541 2451 619 2510 quae
644 2433 697 2494 iiie
722 2453 758 2493 eo
778 2443 913 2513 tempore
934 2435 1088 2512 exposuit,
1115 2454 1225 2514 magna
1245 2458 1284 2498 ex
1305 2451 1390 2517 parte
1411 2447 1460 2504 vel

127 2531 295 2591 refutentur
315 2530 365 2590 vel
391 2531 585 2610 corrigantur.
628 2533 709 2598 Nam
735 2535 762 2594 si
788 2537 944 2613 exceperis
966 2535 1152 2614 principatus
1173 2519 1222 2596 Ti.
1244 2538 1385 2602 Caesaris
1407 2545 1459 2622 (oi.

127 2631 192 2692 Dio
214 2633 271 2704 58,
287 2632 357 2711 to),
385 2631 471 2706 Gaii,
493 2632 627 2707 Claudii,
655 2635 753 2713 primo
778 2656 807 2714 p.
829 2634 900 2695 Ohr.
922 2635 1042 2695 saeculo
1063 2637 1135 2695 fasti
1156 2638 1328 2702 consulares
1350 2663 1461 2723 nequa·

128 2753 220 2812 quam
242 2734 363 2794 fuerunt
383 2735 508 2810 turbati,
535 2745 569 2796 ut
589 2738 632 2796 ait
651 2737 870 2798 Brambaehius
893 2736 934 2814 (p.
952 2737 999 2814 5),
1026 2755 1081 2796 nee
1102 2746 1181 2797 reete
1203 2749 1293 2820 negat
1313 2749 1377 2804 tum
1399 2746 1462 2806 ulla

128 2836 195 2916 lege
217 2835 429 2896 consulatuum
449 2846 585 2916 tempora
606 2839 832 2916 circumscripta
851 2837 895 2916 (p.
914 2837 967 2914 11)
993 2844 1047 2897 aut
1067 2847 1137 2898 ante
1158 2839 1283 2900 Traiani
1302 2843 1460 2922 imperinm

128 2937 290 3015 quiequam
311 2956 347 2998 eo
368 2939 488 2998 nomine
509 2946 652 3000 statutum
672 2948 703 3000 et
723 2949 866 3001 constans
887 2939 983 2998 fuisse
1005 2938 1049 3015 (p.
1064 2938 1125 3016 16).
1167 2939 1330 3004 Praeterea
1351 2955 1462 3008 temere

127 3041 215 3119 ponit
229 3059 250 3101 a
259 3039 393 3100 Traiano
407 3040 587 3117 imperatore
600 3041 755 3102 institutos
769 3059 837 3101 esse
852 3039 1024 3099 consulatus
1039 3039 1207 3113 bimestres,
1223 3060 1298 3119 quos
1310 3047 1463 3107 contendit

128 3159 185 3200 nec
199 3148 271 3202 ante
285 3160 352 3201 eum
367 3160 500 3219 uuquam
513 3141 609 3201 fuisse
630 3142 673 3221 (p.
688 3142 741 3220 19)
761 3151 792 3200 et
812 3150 882 3219 post
896 3159 962 3198 eum
977 3141 1020 3198 ita
1034 3138 1201 3213 duravisse,
1223 3151 1257 3202 ut
1269 3144 1380 3204 turbati
1395 3150 1461 3224 qui·

127 3241 197 3302 dem
219 3261 239 3302 a
260 3240 426 3303 Commodo
448 3240 502 3317 (ef.
524 3241 586 3301 Dio
604 3241 653 3315 ts,
671 3240 740 3317 18),
762 3241 891 3300 restituti
912 3247 1012 3298 mmen
1033 3241 1070 3298 ab
1092 3241 1270 3302 Alexandro
1291 3243 1461 3323 (Lamprid.

128 3345 182 3403 rit.
197 3342 255 3420 48)
275 3344 425 3421 proximis
447 3349 527 3402 certe
547 3343 586 3401 ab
607 3343 664 3400 boc
685 3341 869 3419 temporibus
890 3339 1055 3400 manserint
1076 3339 1120 3416 (p.
1135 3341 1288 3419 ltseqq.).
1333 3343 1380 3404 De
1395 3348 1462 3424 qui.

128 3445 186 3504 bna
207 3444 299 3504 rebus
321 3443 429 3503 melius
443 3442 616 3514 iudicasset,
638 3443 664 3501 si
680 3441 847 3501 accuratius
861 3440 1077 3518 perlustrasset
1090 3441 1203 3517 scripta
1218 3441 1388 3521 Borghesii,
1409 3449 1463 3525 qui

128 3545 166 3605 de
191 3543 347 3623 plerisque
374 3562 477 3605 verum
502 3545 562 3604 iam
583 3541 699 3602 viderat
724 3548 755 3602 et
777 3559 958 3620 quamquam
984 3541 1022 3600 de
1047 3541 1188 3600 universa
1213 3545 1389 3605 consulatus
1415 3566 1463 3607 ra-

127 3645 210 3706 tione
232 3663 385 3722 nunquam
406 3646 478 3726 egit,
498 3643 636 3722 pluribus
656 3649 756 3704 nmen
776 3641 852 3702 locis
873 3641 946 3719 quid
967 3641 1005 3700 de
1025 3641 1240 3704 mutationibus
1258 3645 1323 3706 eius
1337 3650 1464 3708 sentiret

128 3746 344 3824 deelaravitl).
387 3745 428 3805 Et
452 3745 560 3824 primis
585 3743 705 3822 quidem
730 3743 849 3823 imperii
876 3743 1059 3822 temporibus
1080 3751 1162 3803 recte
1182 3743 1300 3806 ridetur
1321 3750 1464 3810 statuisse

128 3846 334 3928 Borghesius,
361 3847 389 3908 si
414 3846 466 3925 qui
491 3846 683 3906 inveniantur
705 3843 845 3906 eonsules
871 3863 926 3922 per
950 3849 1031 3903 totos
1057 3861 1152 3904 annos
1172 3846 1350 3923 magistratu
1370 3849 1464 3909 iuneti

128 3958 200 4028 pust
227 3957 388 4009 semestres
413 3947 589 4008 consulatus
615 3947 712 4007 faetus
739 3945 790 4023 (in
815 3963 905 4006 senos
932 3953 1031 4004 autem
1055 3963 1174 4006 menses
1194 3948 1233 4007 ab
1253 3968 1333 4010 anno
1355 3950 1465 4011 saltem

128 4049 147 4108 8
170 4070 201 4129 p.
218 4046 291 4109 Chr.
312 4049 412 4108 fasces
433 4047 521 4108 datos
542 4064 609 4108 esse
629 4047 701 4109 fasti
723 4044 837 4107 Gabini
857 4046 1020 4106 ostendunt
1040 4046 1100 4106 rol.
1116 4048 1141 4107 1.
1162 4067 1192 4125 p.
1208 4047 1279 4121 478,
1294 4049 1388 4126 ΧΗ),
1410 4069 1464 4110 eos

128 4148 288 4228 pmentela
308 4149 412 4226 aliqua
431 4167 498 4208 cum
520 4147 609 4206 domo
629 4148 770 4224 Augusta
790 4147 965 4206 coniunctos
986 4145 1096 4220 fuisse,
1121 4147 1152 4206 id
1173 4149 1253 4224 qnod
1274 4148 1311 4208 de
1333 4151 1465 4209 consuli-

128 4251 189 4310 bus
203 4247 392 4311 ennomus.
406 4249 434 4308 i.
449 4247 496 4308 18.
511 4249 558 4308 14.
572 4250 610 4309 15
625 4247 842 4307 demonstravit
854 4247 886 4306 in
900 4246 1088 4322 ephemeride
1101 4247 1231 4305 instituti
1245 4246 1465 4334 archaeologioi

130 4350 214 4413 1845
237 4369 267 4428 p.
282 4349 352 4410 158.
387 4349 473 4409 Idem
493 4348 652 4409 dicendum
672 4353 720 4407 est
740 4346 778 4407 de
793 4346 835 4407 M.
852 4345 957 4408 Silano
979 4346 1104 4406 consule
1125 4365 1153 4406 a.
1167 4346 1215 4420 19,
1238 4347 1345 4407 marito
1360 4347 1463 4406 Aemi-

127 4451 190 4512 liae
208 4449 345 4529 Lepidae
370 4449 527 4528 proneptis
549 4447 690 4510 Caesaris
711 4447 839 4526 Augusti
862 4446 914 4522 (oi.
936 4465 1028 4523 supra
1048 4466 1078 4524 p.
1094 4443 1165 4522 88);
1190 4446 1228 4505 de
1250 4445 1306 4506 On.
1328 4445 1464 4522 Domitio

128 4547 338 4612 'Ahenobarbo
365 4551 472 4610 marito
493 4549 680 4630 Agrippinae
702 4546 876 4609 Germanici
900 4545 980 4608 filiae
1000 4545 1123 4606 consule
1144 4564 1170 4605 a
1188 4545 1227 4606 88
1253 4545 1306 4622 (ei.
1330 4546 1391 4608 Dio
1413 4546 1464 4620 58,

129 4652 186 4713 202
209 4653 266 4712 suiv
287 4645 317 4709 δ’
339 4639 388 4710 οὖν
408 4642 525 4710 ὑπάτων
545 4645 560 4709 d
580 4639 629 4720 'aiv
650 4640 778 4719 deuictae
799 4641 841 4708 δι’
860 4638 940 4709 ἔτους
959 4635 1039 4731 ἦρξε,
1059 4647 1110 4718 τῆς
1130 4640 1189 4730 γὰρ
1207 4640 1395 4730 Ἀγριππίνης
1414 4649 1466 4718 τῆς

128 4756 183 4814 τοῦ
202 4751 378 4838 Γερμανικοῦ
396 4743 550 4836 Θνγατρὸς
569 4741 636 4835 ἀνὴρ
657 4739 690 4822 sia
710 4748 805 4827 κτλ.);
827 4748 866 4808 ds
885 4747 1000 4808 Fausto
1020 4744 1162 4809 Cornelio
1184 4745 1272 4810 Sulla
1293 4747 1395 4810 Felice
1415 4765 1465 4825 ge-

129 4873 208 4916 nero
222 4850 344 4914 Claudii
364 4851 488 4914 consule
508 4871 536 4913 a
551 4849 602 4923 58,
623 4851 667 4916 ita
687 4860 721 4912 ut
740 4848 956 4930 imperantibus
977 4847 1067 4910 etiam
1082 4847 1216 4921 Tiberio,
1231 4846 1322 4924 Gaio,
1336 4847 1465 4910 Claudio

213 5152 238 5216 Ι)
265 5153 404 5221 segnem
429 5155 462 5204 de
486 5153 670 5206 mutationibus
693 5151 842 5203 commistus
866 5151 1008 5204 sententias
1030 5151 1168 5218 diiigenter
1190 5149 1340 5217 compilavit
1362 5148 1465 5203 Natalis

132 5243 180 5295 des
198 5245 311 5309 Vertere
330 5245 400 5298 usai
417 5259 462 5295 rur
481 5241 557 5295 Mare
576 5239 678 5304 Asside,
698 5242 806 5294 Parisiis
828 5243 898 5293 1880
916 5259 942 5307 p.
956 5243 1000 5304 84,
1015 5245 1040 5293 8.

1198 5328 1259 5387 13“
