3578 5962
528 643 827 698 onsnavamouns
846 643 964 696 aaran.
983 645 1044 695 xv.
1169 678 1174 688 .
1376 625 1449 698 285

121 831 190 879 tres.
214 850 253 862 -
281 817 421 894 Denique
447 817 529 893 quod
552 813 593 874 ‘ad
620 816 739 895 singula
764 817 864 893 capita
888 816 919 875 in
940 815 999 874 fine
1025 815 1202 875 adscribitur
1222 807 1320 898 ἔδοξεν
1346 837 1399 896 per
1420 835 1455 876 se

121 921 265 1001 positum,
287 939 355 979 cum
377 937 455 996 quae
476 919 657 996 praecedunt
678 929 821 995 regantur
842 928 988 977 commate
1009 908 1068 1001 rapi
1089 912 1189 975 τούτου
1211 920 1264 976 τοῦ
1283 909 1455 1001 πράγματος

122 1013 210 1083 οὕτως
230 1012 346 1103 ἔδοξεν,
374 1022 431 1080 hoo
452 1021 613 1099 respondet
633 1019 780 1079 formulae
806 1021 841 1078 de
867 1039 901 1078 ea
928 1039 959 1078 re
985 1023 1027 1078 ito
1048 1031 1225 1092 censuerant,
1251 1021 1328 1082 illud
1346 1021 1454 1095 alteri,

124 1141 185 1200 qua
205 1123 394 1203 significatur
419 1133 489 1200 post
514 1123 691 1182 relationem
716 1122 902 1182 discessione
922 1121 1003 1180 fecta
1027 1122 1058 1180 id
1083 1122 1202 1199 dequo
1228 1123 1326 1202 agitur
1347 1124 1455 1183 maiori

124 1225 202 1302 parti
223 1226 427 1303 praesentium
449 1225 608 1302 placuisse,
637 1241 744 1301 nempe
768 1243 908 1284 censuere.
935 1255 973 1266 -
1002 1223 1048 1282 Eo
1071 1231 1169 1282 autem
1194 1227 1313 1286 nomine
1336 1225 1456 1287 Graeca

124 1327 197 1386 haec
228 1325 330 1386 versio
363 1344 545 1404 magnopere
576 1327 678 1386 differt
708 1346 727 1384 a
759 1325 1028 1385 senatusconsultis
1060 1343 1137 1402 quae
1172 1326 1316 1388 habemus
1346 1328 1455 1389 Latine

123 1428 243 1507 scripta,
267 1429 350 1506 quod
371 1447 439 1488 eam
459 1429 533 1488 haec
547 1428 692 1488 formulas
708 1429 870 1488 sollemnes
884 1428 1093 1504 legitimasque
1108 1429 1170 1486 suis
1184 1430 1259 1489 locis
1274 1439 1411 1490 accurate
1426 1436 1456 1490 et

122 1531 209 1608 plene
231 1542 355 1608 ponant,
378 1529 488 1590 Graeci
510 1531 640 1590 hominis
662 1531 809 1590 eiusmodi
835 1529 982 1588 sermonis
1004 1529 1190 1606 impatientia
1211 1533 1259 1592 vel
1275 1519 1311 1592 in
1332 1533 1390 1592 hoc
1410 1533 1456 1590 in·

126 1637 291 1692 strumento
314 1634 535 1709 quodammodo
563 1634 693 1692 cernitur
721 1632 824 1692 multis
853 1651 955 1690 earum
977 1631 1024 1691 vel
1045 1631 1076 1690 in
1097 1634 1304 1711 compendium
1326 1634 1456 1693 redactis

125 1734 172 1792 vel
186 1736 410 1811 praetermissis
432 1743 463 1794 et
483 1735 526 1794 ita
541 1735 671 1812 quidem,
694 1743 726 1793 ut
741 1735 779 1792 ad
793 1734 1016 1811 grammaticam
1031 1735 1084 1810 qui
1098 1734 1328 1796 instrumentum
1343 1737 1467 1814 exigat.

126 1831 459 1912 saepe'eoncinnitatem
474 1838 634 1896 verborum
651 1835 786 1912 adeoque
801 1837 914 1895 iustum
937 1837 1151 1896 sententiarum
1173 1857 1283 1897 nexum
1298 1837 1456 1898 desideret.

124 1935 171 1996 Ita
196 1937 268 2014 ipsa
288 1939 423 2019 legitima
443 1938 641 2017 praescriptio
663 1939 693 1996 in
714 1938 880 2015 posteriore
902 1938 1166 1998 senatusconsulto
1187 1940 1302 1999 omissa
1322 1947 1370 1998 est
1391 1939 1459 1999 sola

124 2038 171 2098 die
185 2047 323 2118 excepta,
347 2041 463 2100 scilieet
476 2041 557 2118 quod
571 2041 688 2118 reliqua
701 2043 793 2099 verba
808 2040 912 2100 eadem
932 2047 1002 2100 sunt
1016 2049 1105 2117 atque
1126 2041 1157 2099 in
1172 2040 1280 2119 priore.
1314 2039 1458 2102 Similiter

125 2157 151 2199 r.
172 2140 212 2199 20
241 2150 313 2202 ante
335 2133 393 2224 rapi
415 2138 518 2226 ἀρχῶν
545 2161 585 2203 ex
610 2142 858 2219 praecedentibus
879 2161 909 2202 v.
932 2135 967 2203 lt
990 2143 1191 2220 supplendum
1220 2150 1266 2202 est
1294 2135 1352 2227 rapi
1374 2131 1411 2200 aiv
1433 2143 1458 2200 oi

126 2233 203 2300 arira}
223 2233 333 2320 λόγους
353 2234 528 2316 inararem.
570 2245 645 2303 Item
671 2261 737 2304 cum
764 2244 922 2303 sollemnis
950 2244 1024 2303 ordo
1053 2243 1102 2302 hic
1127 2244 1180 2315 sit,
1208 2253 1241 2302 ut
1264 2253 1336 2321 post
1356 2244 1457 2304 decer·

125 2345 212 2404 nendi
233 2363 357 2405 causam
379 2353 410 2404 et
429 2347 576 2406 rationem
605 2335 678 2430 (περὶ
704 2334 741 2404 ὧν
762 2343 776 2402 ὁ
799 2339 878 2402 δεῖνα
898 2337 1005 2422 λόγους
1026 2335 1190 2417 ἐποιήσατο,
1218 2336 1291 2408 ὅπως
1315 2346 1386 2422 cet.)
1414 2346 1459 2406 sic

125 2439 279 2526 pergatur:
301 2437 361 2530 περὶ
382 2437 484 2506 τούτου
506 2449 559 2505 τοῦ
571 2438 741 2530 πράγυιατος
756 2436 844 2505 stirme
858 2437 957 2529 ἔδοξεν
972 2443 1139 2506 ἐποκεῖλαι
1161 2447 1210 2508 vel
1228 2437 1304 2510 derare
1318 2437 1458 2506 αποπὲλ·
1492 2457 1494 2460 ’

125 2553 223 2606 tarra·
252 2539 362 2630 ἔδοξεν,
384 2549 513 2626 scriptor
537 2549 692 2609 brevitatis
713 2568 807 2609 cause
826 2549 902 2609 illud
923 2539 1012 2608 odrae
1032 2539 1132 2631 ἔδοξεν
1157 2551 1271 2626 passim
1294 2549 1405 2622 omisit,
1426 2555 1460 2608 ut

126 2649 182 2708 iam
209 2647 381 2710 decernitur
406 2652 456 2711 vel
481 2642 558 2714 drus
579 2642 792 2710 circumdatura
819 2650 949 2729 pendeat
975 2651 1012 2710 ab
1033 2641 1133 2732 ἔδοξεν
1158 2669 1194 2710 eo
1220 2650 1301 2729 quod
1323 2653 1459 2729 seqnitur

127 2769 219 2828 neque
243 2770 301 2812 sna
322 2754 353 2813 vi
377 2753 435 2813 hoo
453 2763 521 2826 stet,
544 2763 578 2812 ut
598 2772 716 2832 semper
738 2754 850 2814 stetin
871 2754 1000 2814 decretis
1022 2752 1131 2813 Latine
1153 2755 1286 2832 scriptis.
1324 2752 1456 2814 Omnino

128 2855 420 2915 senatusconsultum
455 2857 511 2915 hoc
544 2856 588 2916 ita
613 2855 772 2936 legendum
798 2863 861 2929 est,
892 2865 926 2916 ut
955 2856 987 2916 in
1014 2854 1141 2918 Graecis
1168 2855 1323 2916 vocabulis
1352 2873 1460 2916 sensus

128 2953 253 3018 Latinos
273 2957 424 3018 rimemur.

208 3163 320 3224 Latina
334 3166 480 3224 elementa
502 3163 618 3225 Graece
636 3166 681 3224 ita
693 3166 755 3224 sere
770 3163 945 3236 redduntur,
965 3173 998 3223 ut
1011 3165 1045 3223 fit
1058 3165 1089 3222 in
1104 3163 1172 3222 aliis
1194 3163 1259 3222 eins
1274 3162 1341 3221 aevi
1356 3179 1460 3221 monu-

129 3266 246 3324 mentis.
279 3263 403 3326 Vocalis
417 3287 437 3324 υ
450 3266 543 3344 longa
556 3268 734 3345 exprimitur
747 3286 802 3343 per
816 3287 847 3323 oo
864 3256 1027 3342 (bladaste),
1043 3265 1142 3324 brevis
1158 3283 1211 3340 per
1225 3287 1239 3321 c
1254 3255 1393 3340 (Κόιντος,
1407 3269 1459 3321 Δο-

128 3355 242 3448 epiros,
264 3359 403 3435 Νομιύιος,
424 3364 562 3446 Πόπλιος)
584 3369 747 3428 secundum
761 3369 857 3445 legem
872 3387 948 3441 earn,
970 3368 1007 3427 de
1027 3386 1088 3444 qua
1105 3385 1202 3442 nuper
1215 3366 1302 3424 docte
1317 3363 1460 3441 exposuit

131 3464 343 3546 Dittenberger
369 3469 413 3546 (in
434 3469 566 3531 Hermae
587 3472 647 3531 vol.
671 3471 689 3530 6
711 3491 741 3550 p.
762 3469 847 3547 282).
896 3469 994 3546 Magis
1019 3469 1163 3528 notabilis
1192 3476 1239 3528 est
1263 3467 1360 3525 forma
1386 3459 1461 3524 εἰδυ-

129 3585 183 3644 pro
203 3569 316 3629 Latino
337 3573 411 3645 ida,
435 3573 554 3636 rediens
575 3592 612 3632 ea
633 3572 681 3650 (ut
701 3572 856 3632 admonuit
876 3569 1103 3650 Dittenberger)
1128 3571 1159 3630 in
1181 3578 1303 3629 senatus
1324 3567 1460 3628 consulto

130 3667 166 3730 de
186 3671 403 3732 Prienensibus
426 3694 452 3733 a.
469 3673 529 3734 619
552 3675 635 3751 (vide
652 3691 746 3751 supra
766 3693 795 3751 p.
813 3671 886 3733 156:
913 3667 963 3756 apd
984 3671 1091 3756 ἡμερῶν
1112 3661 1190 3730 πέντε
1205 3665 1316 3730 aidoroiv
1331 3661 1462 3754 Φεβροα·

130 3764 215 3854 piar),
237 3769 304 3834 cu'm
326 3783 433 3853 postea
456 3776 545 3856 vulgo
568 3777 718 3837 scribatur
740 3795 800 3836 non
822 3771 920 3833 εἰδυυῖυ
940 3776 991 3835 rel
1012 3771 1131 3842 aidoroiv,
1152 3773 1205 3834 sed
1225 3771 1306 3830 εἰδῶν
1328 3771 1366 3831 ab
1384 3763 1460 3830 etot.

132 3873 206 3935 Item
221 3877 302 3954 quod
317 3898 335 3938 υ
349 3895 529 3951 consonans,
551 3878 600 3937 ubi
616 3879 796 3938 vocabulum
815 3879 852 3938 ab
867 3899 903 3940 eo
918 3878 1050 3956 incipiat,
1065 3876 1219 3948 omittitur,
1242 3874 1306 3935 eius
1321 3873 1463 3933 omissio·

132 3975 178 4036 nis
203 3978 287 4037 alind
313 3980 483 4057 exemplum
508 3981 624 4040 nullum
651 3981 724 4040 mihi
746 3989 865 4059 praesto
892 3989 938 4040 est
959 3987 1077 4056 praeter
1103 3977 1227 4055 aequale
1247 3976 1311 4036 fere
1333 3974 1464 4052 catalogi

132 4096 333 4154 proxenorum
351 4081 603 4161 Delphicorum1)
626 4101 654 4141 v.
670 4081 722 4141 16:
749 4073 866 4142 Κόιντος
878 4071 1003 4164 Ὀτέριυς
1017 4073 1133 4138 Κοίντου
1147 4077 1295 4147 Ῥωμαῖος,
1315 4075 1397 4153 quod
1417 4081 1465 4135 est

133 4177 239 4242 Latine
259 4183 294 4255 Q.
312 4183 445 4244 Voturiae
459 4185 523 4245 sive
539 4183 671 4244 Veturius
684 4183 720 4254 Q.
728 4186 768 4260 f„
783 4192 816 4241 ut
830 4183 945 4240 mittam
959 4180 1092 4240 Venetos
1106 4169 1233 4241 Ἐυὲτους
1247 4175 1462 4254 similiaque2).

133 4301 337 4315 ——nt—

211 4368 234 4430 ¹)
259 4369 386 4422 ll'esclrer
408 4379 432 4422 et
454 4372 568 4423 Foucart
591 4373 668 4422 inser.
687 4370 783 4436 Delph.
803 4385 827 4434 p.
848 4370 942 4432 20seq.
980 4367 1022 4418 De
1045 4373 1161 4431 tempore
1186 4365 1321 4430 diligenter
1345 4362 1465 4426 exposuit

134 4457 168 4508 A.
189 4460 337 4514 Mommsen
362 4464 389 4514 in
414 4465 544 4530 Philologi
571 4465 622 4514 rol.
643 4464 678 4514 24
701 4478 727 4527 p.
746 4461 856 4527 25seq.;
881 4460 990 4524 scriptus
1015 4465 1054 4510 est
1078 4458 1209 4523 catalogus
1233 4471 1257 4507 a.
1276 4472 1303 4506 ιι.
1322 4471 1344 4505 c.
1364 4452 1416 4505 557
1437 4459 1464 4503 et

135 4549 262 4618 deinceps.
282 4582 315 4592 -
337 4555 388 4616 Qui
401 4557 428 4606 ln
441 4572 473 4607 eo
486 4556 654 4607 nominantur
666 4571 690 4606 v.
706 4555 771 4604 112:
791 4545 870 4610 Τίτος
882 4543 1017 4619 Ktimene
1029 4543 1109 4600 'l'irec
1121 4535 1175 4607 olda
1186 4539 1309 4617 Ῥωμαῖος
1321 4553 1346 4597 et
1357 4561 1382 4595 v.
1398 4545 1464 4597 1182

134 4631 253 4711 Μάρκος
278 4635 402 4712 Aipdluor
424 4643 538 4705 Λέπιδος
561 4636 683 4716 Μυιὶρκου
701 4633 756 4705 aide
770 4635 903 4713 Ῥωμαῖος,
923 4659 968 4694 eos
986 4644 1084 4694 dudum
1108 4643 1264 4693 intellectum
1289 4646 1328 4690 est
1346 4637 1466 4689 consules

136 4746 190 4784 esse
208 4750 233 4786 a.
248 4736 301 4788 556
321 4745 347 4788 et
366 4739 428 4791 eat.
467 4741 571 4792 Tertius
589 4756 613 4791 v.
629 4740 695 4792 115:
718 4727 825 4796 astera
842 4729 956 4794 Ἀκίλιος
976 4729 1105 4792 Καίσωνος
1123 4722 1177 4792 alic
1194 4740 1268 4799 pater
1292 4738 1330 4782 est
1354 4729 1467 4780 consulis

136 4838 158 4876 a.
176 4827 230 4878 604
253 4821 300 4880 Μ’.
321 4831 401 4884 acilii
419 4833 449 4884 1..
469 4833 488 4885 f.
507 4833 541 4884 Κ.
561 4849 588 4884 n.
607 4832 692 4884 Balbi.
736 4832 779 4883 De
802 4830 909 4896 reliquis
933 4827 1059 4881 Romanis
1084 4829 1128 4893 qni
1150 4827 1185 4876 ibi
1211 4825 1379 4878 nominantur
1402 4819 1467 4871 mihi

136 4931 187 4970 aon
205 4927 316 4972 constat.

212 5009 237 5076 ³)
260 5005 417 5080 ‘Odlrbm'rd
442 5018 565 5082 scriptum
589 5023 629 5068 est
651 5018 678 5067 in
698 5016 771 5066 titulo
791 5015 881 5065 Attico
905 5013 955 5064 rol.
975 5013 1017 5064 111
1035 5002 1148 5062 ιι.661.’
1185 5007 1241 5073 [W.
1260 5001 1463 5069 Dittenberger.]

137 5105 221 5157 Etiam
241 5108 269 5158 in
287 5108 381 5160 Latino
400 5109 441 5160 Ill
460 5125 486 5160 ιι.
506 5109 577 5160 5636
601 5109 693 5174 legitur
715 5103 814 5158 Ultim'o
838 5105 1021 5171 perscriptum,
1045 5103 1115 5170 quod
1137 5102 1208 5153 haud
1227 5102 1280 5152 scio
1299 5113 1333 5150 an
1351 5097 1413 5146 item
1432 5091 1467 5143 ad

138 5197 265 5252 Graecam
283 5201 402 5251 vocabuli
421 5201 657 5265 pronuntiationem
676 5198 839 5250 referendam
857 5197 899 5258 ait,
919 5211 977 5246 cum
996 5195 1084 5248 titulus
1102 5198 1135 5248 sit
1154 5193 1266 5246 hominis
1283 5187 1465 5257 Philippensis.

140 5289 165 5342 A
183 5293 278 5345 Latiae
296 5293 365 5346 enim
386 5293 571 5345 consuetudine
589 5293 653 5344 haee
671 5292 771 5343 litterae
790 5288 895 5342 omissio
914 5287 1044 5340 abhorret.
