3582 5956
557 1603 1009 1770 manantium.

679 1955 881 1968 ..-..---,

770 2151 796 2208 1.

201 2267 314 2346 Magna
340 2266 423 2326 basis
450 2266 579 2327 rotunda
604 2286 772 2327 marmorea
798 2283 914 2344 pauens
939 2265 1048 2326 abbiue
1075 2283 1169 2328 annos
1194 2268 1305 2332 effossa
1325 2270 1355 2330 in
1377 2291 1447 2333 area

113 2389 195 2448 quae
224 2386 303 2429 nunu
329 2367 438 2428 dicitur
464 2368 605 2428 Palatina
630 2370 708 2428 inter
733 2369 854 2428 domum
875 2367 1068 2428 Tiberianam
1095 2367 1328 2452 Flauiorumque
1355 2374 1446 2442 aedes

112 2473 188 2532 sita:
215 2489 345 2547 superne
371 2481 517 2530 excavata
541 2481 589 2530 est
613 2471 645 2528 iu
670 2471 796 2529 sormam
823 2472 954 2530 conchae
980 2471 1116 2544 atriatae,
1145 2481 1178 2531 ut
1204 2473 1248 2531 sie
1269 2474 1446 2536 coniunctus

111 2573 211 2634 fuisse
232 2572 369 2632 videatur
394 2589 461 2630 cnm
488 2571 588 2649 lapide
614 2574 776 2649 superstite
798 2573 873 2632 alter
894 2572 966 2632 olim
989 2573 1212 2650 superpositus,
1233 2575 1284 2650 qui
1305 2577 1364 2636 iarn
1386 2597 1446 2637 non

113 2682 212 2734 extat.
248 2673 415 2733 Ednobus
437 2673 523 2732 saxis
545 2674 743 2752 superpositis
765 2681 990 2734 monumentum
1011 2675 1209 2749 compositum
1230 2676 1325 2737 fuisse
1346 2685 1447 2738 osten·
1510 2713 1519 2718 -

112 2777 191 2836 dunt
217 2785 280 2834 tam
307 2791 442 2834 summae
467 2775 562 2854 partis
588 2775 698 2852 lapidis
725 2777 778 2852 qui
805 2783 943 2854 superest
968 2775 1123 2834 scabrities
1150 2794 1239 2852 quam
1266 2778 1347 2853 quod
1368 2780 1447 2840 tituli

111 2878 236 2937 litterae
257 2893 362 2937 versum
383 2877 472 2955 primi
494 2876 531 2936 ad
554 2894 703 2937 summum
726 2895 821 2954 usqne
843 2877 1006 2954 marginem
1028 2877 1205 2953 perveniunt
1226 2897 1352 2958 eumque
1373 2898 1447 2958 quo-

111 2974 278 3038 damodo
299 2979 456 3039 excedunt
493 2978 616 3038 Prostat
637 2997 715 3037 nune
737 2979 769 3038 in
791 2978 949 3037 ruderibus
971 2976 1054 3038 aedis
1069 2977 1234 3053 Palatinae,
1255 2998 1346 3056 quam
1364 2981 1447 3040 Iovis

113 3080 242 3139 victoris
264 3080 361 3140 luisse
383 3079 493 3140 dieunt

548 3249 1025 3296 cn·norarr1vs·n·s·catvrnvs

681 3351 873 3397 ronrrrax

659 3449 831 3498 cos-naa·
844 3453 934 3497 mnan

682 3553 899 3600 antemnarum

111 3645 284 3724 Descripsi

202 3747 252 3808 De
268 3745 330 3806 vite
350 3755 380 3806 et
397 3744 489 3805 rebus
511 3743 607 3822 gestis
622 3737 678 3803 On.
694 3742 823 3803 Domitii
838 3741 958 3803 Oalvini
979 3741 1017 3802 ul.
1032 3740 1191 3802 Drumann
1208 3740 1310 3804 dael.
1325 3743 1412 3804 Barsa
1428 3745 1446 3806 3

116 3871 149 3929 p.
168 3849 281 3925 iseqq.
311 3857 342 3906 et
362 3845 461 3908 Orelli
485 3845 584 3906 Onera.
610 3844 683 3904 lbll.
710 3863 740 3922 p.
758 3842 828 3903 226.
870 3843 1049 3904 Pontificem
1074 3862 1142 3904 eum
1167 3844 1261 3904 fuisse
1287 3844 1450 3906 ostendunt

115 3954 319 4011 instrumenta
345 3948 528 4024 pontificalia
552 3951 778 4022 repraesentata
796 3946 828 4004 in
854 3947 983 4006 nummis
1012 3943 1144 4022 (Eeltbel
1166 3946 1184 4005 5
1206 3964 1236 4022 p.
1252 3943 1342 4023 209),
1370 3965 1449 4025 qnos

114 4049 282 4130 proconsul
302 4048 472 4126 Hispaniae
494 4048 594 4109 Oscae
620 4047 783 4125 signandos
810 4049 936 4108 curavit.
980 4045 1177 4108 Consulatum
1203 4048 1297 4123 gessit
1320 4049 1449 4126 primum

114 4173 144 4214 a.
168 4172 198 4212 u.
218 4171 243 4212 e.
261 4149 317 4209 701
348 4149 429 4228 (Dio
451 4149 507 4223 40,
525 4151 572 4209 17.
593 4149 642 4209 45.
664 4147 703 4207 46
711 4170 720 4221 3
747 4150 827 4226 App.
852 4145 885 4220 2,
904 4148 957 4221 193
983 4148 1064 4207 Plut.
1087 4147 1194 4224 Pomp.
1217 4148 1257 4206 45
1279 4149 1365 4224 eet),
1394 4147 1449 4206 ite·

113 4273 185 4315 rum
207 4273 235 4312 a.
251 4253 312 4311 714
334 4251 410 4328 (Dio
432 4250 482 4324 48,
499 4252 551 4323 153
574 4250 646 4309 fasti
668 4247 767 4309 Oolot
789 4247 1104 4327 v01.1p.464‚1v).
1146 4248 1313 4307 Prouousul
1335 4246 1449 4324 Hispa·

114 4357 201 4417 niam
229 4353 355 4414 sortitus
383 4350 547 4412 ceretanus
574 4350 683 4410 devicit
708 4369 735 4410 a.
757 4349 817 4408 715
844 4351 881 4409 de
906 4349 1004 4426 iisqne
1030 4348 1224 4425 triumphavit
1251 4367 1278 4406 a.
1299 4345 1360 4406 718
1392 4347 1448 4423 (el.

114 4455 243 4518 tabulae
269 4453 466 4532 triumphales
489 4450 618 4530 Capitol.
645 4451 705 4512 vol.
721 4451 738 4524 l
755 4471 786 4529 p.
800 4449 860 4509 461
889 4459 919 4510 et
939 4449 1096 4509 Barberin.
1123 4448 1143 4508 l.
1163 4467 1188 4508 e.
1210 4468 1240 4526 p.
1256 4448 1346 4524 478),
1376 4465 1449 4506 aum

113 4567 220 4620 autem
241 4557 413 4628 coronario,
434 4555 516 4632 quod
537 4553 790 4631 triumphantibus
811 4552 956 4629 praebere
976 4551 1113 4610 civitates
1136 4549 1282 4620 solebant,
1307 4564 1381 4607 usus
1403 4555 1451 4610 est

115 4661 158 4721 ad
184 4657 376 4718 reficiendam
404 4657 519 4734 regiam
547 4653 685 4716 incendio
712 4653 841 4715 deletam
867 4653 922 4730 (cf.
947 4652 1009 4712 Dio
1036 4649 1091 4724 48,
1111 4649 1176 4726 42).
1218 4650 1266 4710 lla
1290 4649 1450 4712 oceasione

114 4761 223 4822 oblata
247 4759 338 4819 stiam
363 4759 395 4818 in
417 4758 558 4819 Palatino
579 4755 699 4818 videtur
722 4755 877 4816 dedicasse
898 4764 1026 4814 statuam
1047 4751 1199 4831 quandam
1220 4749 1339 4813 aliudve
1360 4749 1451 4812 doum

115 4865 209 4936 dum,
231 4879 300 4922 uum
322 4879 380 4920 non
402 4862 467 4920 veri
489 4860 586 4921 simile
608 4861 648 4919 sit
668 4877 708 4920 ex
729 4859 812 4937 regia
831 4858 936 4916 basem
957 4873 993 4915 eo
1014 4854 1191 4916 translatam
1212 4871 1292 4916 esse.

687 5111 782 5121 -ι-η-
788 5109 889 5119 omn-un-
