3546 5950
366 620 437 690 116
887 629 1169 683 nmrnusuuonu

364 799 912 880 ὸιᾶβίουῦ.1,438οι.,ι’.9.6ῑ).
955 800 1045 876 Quod
1071 803 1098 860 si
1125 801 1203 859 hauc
1229 801 1314 859 vocis
1340 801 1401 857 vim
1428 798 1522 857 etiem
1547 797 1578 855 iu
1601 795 1672 854 titulo

363 909 465 968 Attico
485 907 566 984 apud
587 905 732 964 Rossium
753 922 819 962 esse
841 904 1015 974 statuimus,
1040 902 1126 960 nulls
1146 919 1238 960 causa
1259 912 1319 972 est,
1345 918 1488 958 curcum
1511 895 1672 957 Neubauerc

363 1009 539 1087 psephisma
558 1005 634 1065 illud
655 1005 694 1064 sd
716 1003 848 1063 Neronis
869 1011 1006 1080 tempora
1025 1003 1198 1060 referemus.

446 1108 507 1170 Sed
521 1118 622 1167 umen
635 1107 722 1165 cuius
736 1105 880 1182 temporis
895 1104 944 1174 sit,
964 1103 1087 1162 dubium
1101 1112 1158 1161 est.
1191 1099 1262 1174 Qua
1274 1102 1305 1160 in
1319 1121 1352 1160 re
1367 1101 1561 1160 diiudicanda
1573 1099 1674 1159 Keilius
1744 1095 1745 1100 ’

364 1211 525 1288 plurimum
546 1208 651 1267 tribuit
671 1208 795 1266 vocibus
816 1208 868 1262 τοῦ
881 1196 1043 1266 Σεβαστοῦ
1055 1195 1199 1285 Καῖιιιρος
1219 1221 1296 1278 quse
1316 1203 1349 1261 iu
1369 1203 1467 1279 primo
1483 1219 1573 1260 versu
1587 1200 1673 1276 legun·

364 1321 421 1384 tur,
443 1320 535 1387 atquc
549 1309 668 1367 efficere
681 1315 808 1366 eonstus
821 1314 879 1377 cst,
894 1323 1004 1364 canon
1018 1303 1057 1362 sd
1072 1302 1231 1363 Claudium
1245 1303 1350 1362 referri
1365 1321 1458 1379 posse
1472 1301 1560 1378 (nam
1573 1309 1674 1378 propter

363 1425 494 1490 sequens
510 1416 530 1467 tt
546 1411 573 1468 is
588 1427 665 1468 unus
678 1417 735 1478 est,
757 1408 794 1466 de
809 1425 870 1482 quo
885 1405 1010 1484 eogitari
1024 1404 1147 1482 possit),
1165 1405 1220 1462 sed
1234 1403 1272 1463 ad
1286 1423 1378 1462 unum
1392 1406 1575 1480 Augustum.
1605 1399 1674 1474 Quae

363 1513 505 1590 exempla
525 1511 635 1580 sttulit,
655 1527 696 1567 cx
716 1509 761 1567 eis
782 1508 899 1566 nullum
920 1501 934 1563 ὃ
955 1497 1111 1568 {seueris
1133 1507 1244 1588 Koirep
1264 1505 1369 1572 habct3
1393 1505 1519 1563 omnino
1541 1505 1577 1562 eb
1597 1502 1674 1560 omui·

363 1616 420 1673 bus
442 1610 585 1670 articulus
605 1611 692 1668 abest
712 1619 832 1685 praeter
854 1605 889 1666 C.
905 1608 930 1665 I.
947 1606 1029 1664 3569
1050 1603 1065 1662 ὅ
1086 1597 1245 1669 Eetionis
1264 1599 1338 1664 Sede
1353 1607 1479 1689 Καῖσαρ,
1501 1605 1551 1663 ubi
1572 1617 1674 1682 propter

364 1713 585 1774 substantivum
606 1703 680 1770 &etc
706 1727 772 1768 eum
799 1707 933 1766 additum
960 1706 1082 1765 dixeris.
1124 1705 1172 1764 Ne
1198 1723 1255 1781 ego
1279 1705 1400 1780 quidem
1421 1705 1454 1763 iu
1476 1705 1574 1764 titulis
1592 1702 1674 1763 iuveni

363 1813 423 1872 nisi
451 1829 543 1869 uuum
564 1809 736 1887 exemplum
758 1807 794 1869 O.
808 1809 834 1865 1.
855 1804 958 1867 39520
979 1798 1123 1887 Καιίιιρος
1143 1807 1196 1862 τοῦ
1216 1796 1391 1873 Σεβαστοῦ,
1419 1807 1506 1881 quod
1526 1816 1620 1864 tamen
1636 1823 1674 1861 or·

364 1915 434 1972 dine
454 1911 612 1970 verborum
633 1910 742 1968 differt.
777 1909 862 1966 Inter
882 1908 1045 1985 scriptores
1063 1925 1135 1966 vero
1150 1903 1259 1965 Strabo
1280 1924 1342 1964 non
1362 1905 1454 1966 medo
1470 1907 1581 1988 Καῖσαρ
1601 1899 1613 1961 i
1630 1903 1673 1962 Σι-

362 2006 479 2079 Boaris
498 2012 590 2071 habet
611 2010 653 2086 (p.
670 2010 731 2070 840
753 2007 856 2085 Cas),
877 2009 932 2066 sed
953 2009 1059 2080 ctiam,
1081 2007 1167 2066 utin
1188 2013 1292 2066 nostro
1313 2006 1400 2064 titulo
1420 2013 1481 2077 est,
1502 2001 1517 2062 ὃ
1538 1995 1673 2069 iudanis

362 2115 475 2196 Kairup
497 2113 543 2188 (p.
557 2110 633 2187 287)
654 2119 685 2169 et
704 2111 747 2185 vqs
766 2100 916 2184 Σεβαστῷ
936 2099 1057 2191 Καίσαρι
1079 2106 1123 2183 (p.
1139 2105 1223 2182 288).
1259 2105 1337 2166 Cum
1356 2105 1405 2164 his
1426 2105 1578 2183 exemplis
1596 2104 1673 2164 Keilii

363 2214 534 2274 observatio
560 2213 597 2271 dc
618 2211 750 2289 Augusti
776 2210 896 2268 nominc
923 2210 1014 2268 etiam
1038 2207 1238 2280 confirmetur,
1265 2208 1310 2265 eis
1331 2225 1408 2284 quse
1429 2206 1469 2264 de
1491 2205 1615 2267 Claudio
1632 2223 1672 2262 ex·

363 2317 458 2393 ponit,
478 2333 547 2373 eum
569 2333 631 2372 non
650 2310 740 2370 modo
761 2311 852 2387 pleno
873 2311 992 2368 nomine
1013 2300 1144 2392 Τιβέριος
1165 2301 1307 2370 unatim
1326 2309 1439 2391 Kairup
1453 2299 1672 2388 Xsssaniprsf.
1744 2313 1745 2328 ι

363 2406 479 2484 pavendo
504 2413 677 2490 significari,
700 2412 754 2472 sed
775 2412 865 2470 etiam
886 2412 1026 2469 breviora
1043 2412 1099 2466 Κλ.
1120 2413 1397 2493 Kare.1'spn.‚10c
1418 2411 1509 2469 Kane.
1530 2399 1613 2476 Xsll„
1629 2409 1671 2463 10.

362 2520 451 2575 Καισ.
472 2506 549 2580 Eril.
570 2519 652 2597 Γερμ.
678 2512 823 2584 inveniri,
849 2529 997 2588 nusquam
1024 2508 1038 2567 ὅ
1059 2502 1219 2575 Σιβαιτόι·
1238 2512 1350 2594 Kairctp
1371 2501 1534 2578 Κλαῦδιος,
1558 2527 1613 2568 nou
1631 2509 1672 2564 ha·

362 2618 420 2676 beo
445 2616 526 2692 quod
554 2614 672 2673 addam.
716 2611 818 2688 Quare
843 2631 880 2671 eo
900 2612 1026 2683 inclino,
1054 2621 1088 2670 ut
1108 2610 1204 2670 Keilii
1225 2612 1403 2670 sententiam
1423 2621 1506 2671 recte
1527 2629 1561 2671 se
1580 2609 1672 2667 hebere

363 2716 500 2774 iudicem.
544 2713 602 2774 Sed
630 2733 740 2792 negare
766 2732 827 2773 non
851 2729 992 2790 possum,
1020 2730 1123 2769 verum
1150 2729 1220 2771 esse
1245 2711 1277 2770 id
1304 2709 1385 2788 quod
1405 2711 1465 2771 Th.
1488 2713 1671 2770 Mommscuus

363 2815 437 2876 mihi
457 2813 578 2885 obiecit,
603 2813 718 2873 scilicet
737 2832 777 2872 ex
796 2813 865 2890 ipso
886 2811 1014 2871 nucum
1035 2812 1137 2871 addito
1159 2831 1319 2888 apparere,
1340 2813 1450 2872 iustam
1473 2831 1510 2872 ac
1531 2811 1671 2888 legitimam

363 2914 493 2974 nominis
518 2914 665 2973 rationem
691 2915 858 2990 neglectam
883 2929 965 2984 esse;
992 2931 1084 2988 quare
1112 2912 1187 2971 nihil
1213 2913 1333 2971 obstare
1355 2913 1516 2989 quominus
1537 2931 1573 2971 ca
1591 2909 1671 2986 neglc-

362 3016 464 3095 gentia
485 3016 575 3073 etiam
595 3017 627 3074 iu
648 3013 775 3074 Claudio
797 3015 898 3073 locum
919 3013 1058 3072 hebuerit
1079 3015 1122 3072 ita
1142 3021 1178 3072 ut
1197 3014 1224 3072 is
1245 3008 1260 3070 o‘
1282 3005 1437 3076 Σεβαστὸς
1459 3015 1572 3095 Καῖσαρ
1591 2997 1670 3068 10ιῦ-

364 3111 599 3178 benediceretur.
642 3115 759 3174 Tamen
781 3116 953 3190 Augustum
977 3114 1075 3173 itare
1096 3133 1168 3172 vcra
1189 3121 1327 3172 vocatum
1349 3131 1409 3172 ease
1430 3114 1578 3191 exemplis
1596 3125 1671 3186 supro

363 3217 464 3276 allatis
484 3216 637 3292 probatur,
664 3234 731 3274 cum
754 3214 792 3274 de
813 3212 943 3274 claudio
963 3213 997 3271 id
1017 3214 1115 3272 solum
1137 3213 1236 3272 dicere
1256 3213 1360 3286 liceat,
1381 3214 1449 3290 fieri
1465 3233 1566 3290 posse,
1593 3221 1623 3270 ut
1639 3211 1671 3267 ita

363 3323 488 3377 vocatus
510 3316 559 3375 sit.

444 3416 539 3474 Aliud
560 3417 704 3492 temporis
724 3416 867 3476 indicium
888 3416 966 3474 inest
986 3413 1018 3472 in
1038 3415 1191 3474 vocabulis
1214 3433 1241 3473 v.
1258 3412 1276 3471 2
1297 3402 1345 3471 nol
1366 3404 1438 3496 ἱερέα
1452 3405 1594 3498 Δρούιι[υ
1612 3399 1671 3468 irri-

361 3513 476 3595 rch).
512 3513 604 3588 Quod
623 3516 820 3576 sacerdotium
842 3517 874 3575 iu
895 3515 1096 3593 compluribus
1110 3515 1205 3573 titulis
1220 3515 1332 3574 Atticis
1347 3524 1602 3577 commemoratur.
1632 3509 1671 3568 Ex

361 3616 416 3687 iis,
442 3633 522 3690 quac
547 3614 584 3672 dc
609 3633 647 3673 eo
675 3616 872 3692 scripserunt,
900 3617 1051 3694 plerique,
1077 3615 1251 3674 Boeckhius
1273 3613 1349 3674 c.1.
1367 3615 1435 3674 181.
1463 3616 1559 3676 Meier
1582 3627 1670 3673 comm

361 3716 456 3792 epigr.
478 3732 508 3790 p.
524 3712 564 3772 88
585 3712 692 3789 (index
712 3715 889 3775 archontum
911 3734 936 3775 s.
958 3735 987 3777 v.
1008 3706 1222 3799 Μιθριδάτης),
1244 3725 1274 3773 et
1295 3735 1363 3774 cum
1385 3716 1489 3792 aliqua
1508 3712 1670 3775 dubitatione

361 3812 546 3888 Hcrtzberg‚
574 3812 683 3875 Gesch.
713 3814 882 3876 Gricchenl.
910 3834 940 3875 u.
967 3817 995 3874 d
1023 3817 1156 3876 Rbmem
1177 3817 1209 3874 Π
1233 3834 1263 3891 p.
1282 3815 1355 3889 161,
1384 3816 1520 3876 Drusum
1546 3818 1670 3877 surium

363 3913 478 3972 Tiberii
492 3909 634 3974 Caesaris
655 3917 749 3975 tilium
771 3916 932 3992 significari
953 3924 1069 3991 putant.
1107 3915 1168 3977 Sed
1189 3936 1226 3976 nc
1247 3932 1324 3975 unus
1346 3917 1467 3993 quidem
1484 3937 1524 3977 ex
1538 3918 1580 3976 eis
1593 3913 1669 3972 ullum

362 4013 452 4072 huius
479 4015 644 4073 sententiae
670 4025 875 4093 argumentum
901 4017 1011 4076 attulit.
1054 4016 1173 4076 Keilius
1195 4017 1215 4075 l.
1236 4016 1256 4075 l.
1280 4017 1503 4093 petreum
1524 4015 1616 4077 medio
1633 4029 1670 4068 re

361 4113 480 4190 linquit,
502 4113 555 4172 sed
577 4113 621 4172 ita
640 4124 674 4174 ut
694 4116 732 4175 de
746 4116 850 4176 Druso
870 4118 984 4175 maiore
1005 4119 1137 4194 cogitare
1157 4119 1251 4177 malit
1288 4115 1348 4178 Sed
1370 4136 1428 4177 nou
1445 4127 1506 4178 tam
1522 4117 1670 4177 dubitanter

361 4215 479 4274 locutus
505 4223 600 4287 essct,
627 4215 684 4274 nisi
710 4216 820 4276 oblitus
842 4227 936 4290 essct,
964 4237 1031 4276 cum
1055 4237 1091 4277 ea
1112 4219 1274 4291 sententie,
1301 4237 1390 4296 quam
1412 4219 1478 4296 ipsc
1499 4219 1536 4277 de
1556 4225 1670 4291 tenpore

362 4315 473 4375 decreti
494 4316 576 4376 illius
595 4317 689 4376 Attici
710 4320 877 4397 proposuit,
899 4317 1021 4376 omuino
1042 4319 1193 4379 conciliari
1216 4337 1275 4379 non
1296 4337 1387 4396 posse
1409 4338 1512 4380 eorum
1533 4318 1668 4382 ιιιίοιιιιιι

362 4483 566 4497 *ιι-

440 4602 464 4665 ¹)
491 4603 577 4654 Possit
593 4619 655 4658 saue
674 4608 766 4672 aliquis
785 4603 827 4659 hic
845 4595 940 4676 speivan
959 4609 992 4659 sd
1005 4597 1049 4658 esi
1061 4603 1120 4669 βίου
1133 4609 1236 4672 referre,
1256 4611 1292 4660 ita
1304 4618 1333 4660 ut
1345 4610 1511 4676 significetur,
1530 4608 1573 4674 qui
1584 4605 1665 4670 primm

364 4699 521 4754 perpetua
533 4696 700 4757 agonotbeeia
711 4698 814 4750 iunctus
826 4701 868 4750 sit.
891 4699 968 4761 Quod
981 4715 1012 4750 ιο
1026 4703 1107 4766 magis
1120 4702 1228 4766 placeat,
1242 4701 1310 4766 quod
1323 4702 1507 4766 imperatorum
1517 4704 1596 4751 aetate
1603 4695 1666 4745 etim

364 4781 417 4830 alia
435 4796 541 4832 munera
558 4785 585 4835 in
604 4787 749 4837 civitatibus
762 4788 870 4840 Graecis
889 4803 921 4838 ex
940 4791 1033 4840 annuis
1051 4799 1176 4857 perpetuu
1193 4793 1262 4842 factu
1280 4806 1336 4842 csse
1354 4799 1462 4854 constst,
1482 4793 1559 4841 velini
1575 4781 1667 4838 ΑΜΒ

364 4885 456 4922 munus
473 4873 639 4936 pscdotribss
658 4878 816 4942 epheborum
829 4881 936 4930 Traiani
955 4889 1000 4931 aut
1011 4883 1138 4933 Hadriani
1158 4889 1249 4946 aetate,
1268 4883 1366 4932 scribae
1384 4883 1462 4948 paulo
1480 4889 1538 4946 post
1555 4879 1595 4941 (cl
1610 4886 1666 4924 ⁰⁰¹⁰·

363 4963 547 5013 mentationem
571 4980 654 5016 meam
678 4966 711 5018 dc
733 4969 839 5033 ephebis
857 4971 951 5021 Atticis
970 4988 995 5036 p.
1010 4971 1064 5033 38).
1102 4974 1154 5026 Sed
1173 4980 1228 5023 tum
1247 4973 1383 5024 dicendum
1402 4981 1457 5024 erat
1474 4974 1574 5023 inverso
1591 4965 1666 5018 ordine

365 5039 407 5100 διδ
427 5044 485 5112 tileo
503 5041 606 5122 repeisse,
626 5059 695 5121 quod
714 5058 741 5108 in
762 5059 835 5132 titulo
854 5063 966 5125 quodam
985 5063 1069 5128 legere
1088 5080 1129 5115 me
1147 5065 1261 5115 memini.

441 5140 465 5205 ²)
493 5145 538 5198 Sic
561 5147 629 5196 enlm
654 5149 825 5212 supplendum
843 5166 898 5202 esse
917 5161 1024 5217 apparet
1042 5169 1075 5205 ex
1095 5157 1185 5206 ceteris
1204 5155 1297 5215 titulis,
1316 5155 1349 5224 ,lu
1368 5155 1459 5220 quihus
1477 5155 1530 5206 cius
1548 5139 1665 5203 sacerdotii

364 5234 461 5284 mentio
480 5236 520 5298 tlt;
540 5251 648 5301 quorum
667 5240 751 5290 nullus
770 5257 832 5292 uoce
850 5231 941 5292 duduco
960 5252 1038 5294 caret.
1341 5239 1345 5248 ⁴
