3578 5962
670 596 884 652 1110110110.
1366 586 1439 659 261

118 789 226 832 comme
246 770 331 829 leltre
352 769 459 847 gembe
481 789 542 828 una
561 776 648 847 parte
669 770 706 828 de
728 769 864 829 lenone.
902 767 1012 845 Quella
1033 770 1070 830 de
1092 790 1184 850 sopra
1205 774 1235 834 10
1257 779 1330 836 mite
1351 777 1388 837 de
1409 778 1442 839 le
1487 820 1491 826 -

118 890 217 950 grosse
237 890 352 932 comme
372 871 405 930 le
426 872 550 932 sinistra
572 871 621 931 del
644 872 705 931 .A.
749 869 859 944 Quelle
880 870 916 930 de
939 879 1018 932 sotto
1040 873 1093 932 uel
1114 893 1198 935 esser
1218 878 1311 956 longa
1331 879 1372 939 fin
1394 882 1442 941 ala

118 975 243 1050 eroeiere
263 990 337 1032 oner
358 971 483 1033 (111010.
528 969 637 1047 Quella
658 973 695 1031 de
718 990 810 1052 sopra
831 971 1149 1037 000001001001010

235 1248 258 1308 L

80 1397 86 1424 ‘
194 1401 310 1479 Queete
322 1404 430 1464 lettere
448 1402 505 1464 .L.
524 1422 558 1464 ee
576 1422 654 1464 caue
667 1403 718 1463 del
736 1403 828 1464 tendo
843 1424 860 1464 e
874 1403 924 1463 del
938 1420 993 1466 suo
1007 1405 1131 1483 quadro.
1163 1407 1211 1466 Le
1225 1425 1281 1470 sua
1294 1429 1440 1491 groseeze

118 1507 164 1566 001
185 1524 267 1567 esser
288 1506 325 1566 de
346 1507 375 1565 le
396 1523 473 1566 noue
495 1506 572 1583 parti
593 1524 654 1565 una
674 1505 723 1565 del
744 1505 867 1566 nltezza.
903 1505 951 1565 Le
972 1524 1027 1568 100
1045 1507 1187 1586 largheze
1211 1531 1296 1574 mezo
1324 1517 1440 1591 quadro

116 1619 180 1667 enm·
199 1609 299 1686 questi
325 1607 409 1667 tondi
435 1608 646 1685 sopraeeripti3
672 1607 704 1666 le
729 1607 839 1685 gambe
867 1607 955 1666 sutile
982 1607 1020 1668 de
1045 1617 1126 1669 sotto
1154 1611 1206 1671 nol
1233 1631 1316 1674 esser
1334 1635 1388 1692 per
1409 1618 1440 1678 la

117 1710 184 1769 mite
203 1710 240 1769 de
262 1709 294 1769 la
314 1727 422 1789 grosse
443 1728 559 1769 comme
580 1709 683 1787 quella
703 1708 740 1768 de
762 1709 818 1768 .E.
839 1718 871 1768 et
889 1708 940 1769 del
960 1709 1018 1770 ‚R

233 1883 268 1942 M

193 2037 309 2113 Qneete
329 2037 436 2098 lettere
458 2039 519 2098 .M.
542 2055 575 2098 ee
590 2057 667 2098 0000
686 2037 737 2098 del
750 2037 842 2097 tendo
864 2038 943 2098 edel
958 2056 1014 2098 eno
1029 2039 1162 2115 qund103
1180 2041 1209 2100 le
1224 2044 1330 2121 gambe
1344 2049 1440 2109 suttili

116 2140 250 2217 noglieno
271 2157 357 2201 esser
370 2159 424 2216 per
445 2158 529 2201 mezo
545 2140 582 2198 de
595 2141 625 2199 le
639 2157 746 2217 grosse
767 2158 880 2199 comme
900 2141 931 2198 ln
946 2141 1075 2200 senietra
1096 2141 1145 2201 del
1166 2142 1234 2218 .A.,
1256 2146 1286 2205 le
1307 2155 1441 2210 extreme

116 2242 215 2318 gembe
235 2243 380 2322 negliano
407 2259 490 2303 eeser
511 2243 654 2319 alquanto
675 2241 781 2300 dentre
802 2241 832 2299 al
854 2241 984 2318 quadro,
1010 2242 1040 2300 le
1066 2242 1165 2302 medie
1183 2245 1232 2304 110
1251 2247 1351 2324 quelle
1372 2270 1389 2309 e
1410 2252 1440 2312 le

115 2343 335 2404 intereeentioni
361 2345 397 2404 de
424 2345 446 2403 li
475 2344 626 2416 diametri,
652 2343 699 2403 lor
725 2360 866 2422 groeeeze
892 2361 999 2420 grosse
1026 2363 1043 2402 e
1068 2344 1152 2404 sutili
1178 2347 1399 2410 seresereseeno
1420 2371 1440 2412 a

117 2446 206 2522 quelle
227 2447 277 2507 del
299 2448 358 2506 .A.
381 2464 495 2506 comme
517 2445 547 2504 di
569 2462 660 2522 eopre
681 2445 712 2504 in
733 2445 828 2521 figura
849 2454 953 2522 aperto
974 2445 1023 2522 poi
1047 2448 1269 2524 comprendere.

232 2722 262 2780 N

192 2874 311 2952 Qneetn
330 2878 439 2936 lettera
461 2875 519 2936 .N.
544 2894 576 2936 ee
598 2895 673 2936 caua
693 2876 742 2936 del
764 2893 820 2936 suo
840 2878 933 2936 tondo
955 2885 985 2936 et
1005 2877 1096 2937 etiam
1116 2877 1242 2955 quadro.
1277 2878 1323 2941 La
1343 2885 1442 2960 prima

114 2979 217 3055 gemba
237 2979 292 3038 nol
313 2996 396 3039 esser
417 2977 483 3036 fore
504 2977 540 3037 de
561 2978 593 3038 10
613 2979 843 3038 intersecatione
865 2978 902 3037 de
927 2978 949 3036 li
977 2978 1123 3038 diametri.
1166 2980 1213 3040 Le
1238 2989 1378 3044 tranem
1403 2985 1441 3046 de

114 3097 193 3139 mezo
214 3082 267 3141 uol
289 3097 373 3140 esser
393 3097 501 3158 grossa
522 3081 559 3140 de
579 3081 609 3140 le
630 3100 708 3141 noue
722 3081 800 3159 perti
821 3081 894 3138 lune
913 3098 1005 3157 prese
1026 3080 1248 3141 diametrnliter.
1290 3082 1338 3143 La
1359 3093 1441 3145 terre

115 3183 218 3258 gembn
237 3183 292 3243 001
313 3199 397 3242 esser
410 3183 478 3240 fore
498 3181 534 3242 de
548 3181 581 3242 le
594 3182 735 3242 crociera.
767 3180 872 3239 Prima
892 3180 1002 3257 gnmba
1017 3182 1044 3238 ἀ
1057 3181 1173 3242 Vltima
1193 3183 1336 3262 uogliano
1358 3205 1439 3246 eseer

114 3300 213 3360 grosse
233 3285 267 3344 la
288 3285 363 3344 mite
383 3284 420 3343 de
441 3285 472 3343 ln
492 3284 602 3364 gambe
623 3301 732 3361 grosse
752 3283 816 3342 cioe
837 3282 923 3368 duna·
939 3289 1025 3342 testa.

234 3457 268 3518 Ο

192 3610 310 3688 Qneeto
332 3611 390 3674 .0.
413 3631 430 3674 e
451 3611 679 3692 perfectissimo.

231 3785 266 3847 0

193 3938 312 4016 Queste
332 3941 440 4004 lettere
462 3940 521 4003 .0.
545 3959 578 4002 ee
601 3959 677 4002 eane
699 3941 749 4002 del
770 3942 861 4002 tendo
884 3961 900 4000 e
922 3941 970 4002 del
992 3960 1046 4003 suo
1068 3943 1199 4020 quadro,
1226 3961 1260 4005 ee
1286 3945 1388 4006 diuide
1408 3945 1440 4006 in

113 4048 216 4119 quatro
238 4044 319 4122 pnrti
339 4045 405 4103 eioe
426 4043 458 4104 in
479 4062 565 4104 01000
586 4062 641 4121 per
661 4061 746 4103 mezo
761 4044 790 4102 le
805 4054 912 4120 quatro
933 4044 1026 4117 linee;
1049 4045 1078 4104 el
1094 4063 1186 4124 corpo
1208 4063 1262 4106 suo
1284 4049 1337 4106 uol
1358 4067 1441 4108 eseer

113 4161 217 4222 grosso
237 4145 276 4204 de
289 4145 318 4205 le
332 4163 411 4205 noue
431 4147 510 4224 pern'
532 4145 613 4219 lune,
636 4145 665 4204 el
685 4162 777 4222 corpo
798 4162 854 4203 eno
872 4144 1017 4222 desupra
1035 4147 1087 4205 uol
1109 4163 1192 4206 esser
1211 4166 1266 4224 per
1285 4167 1371 4206 mezo
1392 4148 1442 4208 del

113 4260 167 4304 eno
187 4263 307 4327 grosso.
340 4245 385 4306 Le
407 4265 461 4308 ene
479 4265 574 4325 penee
595 4264 656 4306 une
676 4246 729 4305 101
749 4245 863 4323 pender
883 4245 915 4303 in
937 4263 973 4304 eu
986 4245 1075 4305 lnltra
1095 4246 1128 4306 in
1149 4247 1209 4323 giu,
1232 4247 1260 4306 el
1279 4248 1370 4307 eutile
1391 4248 1440 4307 del

115 4363 203 4424 corpo
224 4348 277 4408 nol
299 4366 383 4409 eseer
396 4367 452 4427 per
472 4348 502 4408 la
516 4357 599 4408 terra
611 4355 697 4426 parte
718 4346 756 4406 de
769 4347 801 4404 le
822 4363 877 4406 sne
890 4347 1007 4422 paneis.
1042 4345 1139 4422 Eper
1153 4347 1207 4405 che
1229 4347 1259 4407 di
1279 4348 1323 4406 lui
1344 4364 1440 4408 sonno

113 4447 161 4508 (101
183 4450 329 4526 opinioni,
350 4468 422 4527 pero
442 4449 567 4510 dinanze
581 4459 611 4510 te
632 4466 671 4507 no
686 4457 775 4525 poeto
798 4466 839 4506 un
859 4448 938 4506 altro
960 4447 1039 4506 nmio
1052 4447 1171 4525 pieeere
1184 4448 1402 4526 perfectissimo
1422 4467 1440 4508 e

112 4557 144 4607 tn
170 4549 372 4628 prendique!
399 4560 429 4613 te
455 4571 528 4629 pare
558 4572 575 4612 e
600 4551 631 4611 di
657 4550 722 4610 loro
741 4549 883 4609 1011110101
912 4547 942 4608 el
968 4546 1025 4624 .Q.
1052 4567 1167 4610 comme
1191 4549 1221 4609 di
1243 4559 1321 4612 sotto
1342 4551 1439 4610 inten-

111 4647 191 4711 derei
213 4671 233 4712 e
254 4670 310 4714 nuo
330 4653 427 4713 10000.
