3610 5956
625 587 734 640 reem
752 589 843 640 nuru
861 589 1013 640 mamm.
1436 580 1481 651 39

957 692 1074 700 ,,,,-,-
1097 693 1414 705 —-———.—-—--....
1428 701 1438 706 -.
1447 703 1453 706 .

152 771 184 812 vr
208 769 347 814 rc·ocr.
371 754 466 832 (Sept.
484 756 547 832 26).

206 852 357 950 [Veneri
382 855 574 952 genetriJci
600 857 637 928 in
665 857 748 931 foro
775 855 983 957 [Caesaris]

259 975 426 1034 Dissidium
449 978 529 1055 quod
550 979 607 1037 fuit
628 979 704 1038 inter
724 979 819 1038 laetos
835 981 1009 1054 Pincianus,
1032 983 1082 1059 qni
1105 1001 1221 1043 sacrum
1237 987 1293 1046 hoc
1308 987 1483 1048 adscribunt

258 1077 297 1133 ad
320 1076 402 1154 Sept.
419 1076 473 1151 26,
500 1087 530 1136 et
549 1079 722 1152 Vallenses,
749 1081 800 1158 qui
825 1081 958 1142 referunt
983 1085 1021 1143 ad
1048 1085 1125 1144 diem
1151 1089 1393 1163 praecedentem,
1422 1091 1480 1150 iam

259 1177 402 1236 dirimunt
423 1181 595 1251 Arvalium3
619 1189 794 1241 emanarunt
817 1184 932 1242 scilicet
953 1184 984 1243 hi
1005 1185 1150 1245 horumve
1171 1189 1382 1265 descriptores.

153 1291 297 1336 n·0cr·
319 1278 403 1354 (Oct.
423 1281 465 1357 1).

203 1374 288 1450 Fidi
314 1377 349 1451 in
379 1377 574 1480 Capitolio.

256 1499 328 1558 Fue
352 1521 413 1560 non
439 1503 537 1561 minus
564 1512 643 1562 recte
665 1504 722 1562 dici
744 1521 834 1580 quam
850 1507 922 1581 sidet
942 1507 1031 1582 periti
1052 1527 1113 1568 non
1134 1509 1287 1586 ignorant3
1314 1511 1383 1570 vide
1404 1529 1482 1586 quae

257 1599 398 1660 adnotavi
421 1603 459 1660 ad
480 1602 522 1674 11,
539 1603 629 1662 5042.

152 1714 261 1758 sonam
283 1718 341 1760 ms.

205 1798 337 1898 Tigillo
365 1803 543 1901 soror(io)
570 1806 617 1878 ad
643 1805 846 1904 compitum
872 1807 977 1881 Acili.

261 1920 374 1982 Similis
401 1935 473 1984 nota
498 1926 692 2002 hemerologii
715 1926 863 1988 Ostiensis
890 1931 929 1987 ad
953 1932 1080 1989 eundem
1102 1931 1180 1990 diem
1202 1947 1302 1990 rrorm
1317 1961 1324 1975 ·
1340 1948 1401 1992 son
1423 1952 1481 1992 non

259 2041 348 2081 ausus
376 2043 442 2084 sum
469 2027 591 2103 explere
615 2047 669 2104 per
691 2047 795 2087 casum
818 2029 952 2100 tertium3
979 2031 1039 2089 iem
1062 2051 1133 2090 vero
1155 2033 1226 2090 lasti
1247 2034 1376 2092 Arvales
1398 2034 1484 2092 dubi·

260 2124 398 2183 tationem
430 2137 605 2187 exemerunt
631 2129 882 2206 ostenderuntque
909 2141 1006 2190 aetate
1033 2143 1112 2190 certe
1138 2134 1302 2210 posteriore
1330 2145 1483 2209 nmquam

259 2225 317 2300 ipsi
342 2227 439 2303 tigillo
467 2247 583 2288 sacrum
608 2229 739 2288 oblatum
766 2248 843 2289 esse.
893 2230 1065 2309 Compitum
1092 2233 1171 2292 Acili
1198 2235 1370 2294 nominatur
1398 2253 1483 2310 prae·

259 2333 341 2384 terea
360 2329 441 2403 apud
461 2349 550 2387 unum
563 2331 695 2389 Plinium
717 2331 760 2406 (h.
784 2351 812 2389 n.
836 2331 886 2404 29,
905 2334 931 2402 l,
950 2332 1002 2415 12:
1029 2332 1149 2392 Cassiae
1163 2335 1289 2394 Hemina
1382 2344 1484 2394 auctor

257 2438 299 2486 eat
314 2432 439 2504 primam
461 2449 475 2488 e
495 2432 612 2489 medicis
633 2435 740 2491 venisse
753 2433 874 2490 Romam
888 2433 1083 2509 Peloponneso
1098 2436 1315 2511 Arcdapatdam
1408 2454 1482 2494 anno

256 2529 335 2587 urbis
348 2529 478 2588 DXXX
483 2531 513 2589 V
527 2535 607 2607 eique
704 2533 852 2591 tabernam
872 2538 903 2592 in
923 2539 1042 2610 cmnpc'to
1065 2535 1160 2592 Acilio
1182 2545 1302 2612 emptam
1323 2537 1358 2594 ol>
1378 2539 1411 2594 td
1427 2555 1483 2612 pu·

258 2628 352 2705 blica).
402 2630 503 2706 Ipsum
533 2633 583 2690 ubi
611 2633 714 2704 fuerit,
744 2634 931 2710 ignoramus3
962 2635 1089 2712 tigillum
1117 2637 1263 2697 sororium
1294 2655 1388 2713 prope
1414 2655 1482 2696 eum

256 2728 355 2788 locum
386 2731 494 2805 fuisse,
528 2734 577 2791 ubi
605 2743 712 2809 postea
736 2735 846 2794 factum
875 2744 923 2795 est
949 2736 1201 2813 amphitheatrum
1229 2737 1378 2808 Flavium,
1408 2739 1482 2797 satis

256 2840 375 2890 constat
395 2832 443 2908 (cl.
466 2834 583 2893 dordan
604 2842 722 2912 topogr.
744 2835 832 2894 Rom.
856 2835 884 2908 2,
903 2837 972 2896 100.
988 2837 1072 2918 587).

149 2946 184 2988 iv
207 2944 276 2988 non
292 2961 299 2976 ·
316 2946 404 2992 ocr·
427 2933 509 3010 (Oct.
528 2935 570 3011 4).

255 3031 362 3092 Litura
384 3036 481 3094 estin
503 3037 591 3096 fastis
612 3037 753 3096 versiculi
774 3039 871 3098 unius.

148 3147 222 3192 non
239 3162 245 3176 ·
263 3149 347 3192 ocr·
370 3135 454 3210 (Oct.
472 3137 515 3213 7).

202 3234 283 3309 Iovi
307 3236 457 3334 fulguri,
485 3235 648 3334 [Uononi
674 3237 804 3310 curriti
828 3236 866 3310 in
894 3263 1039 3336 campo.

257 3356 381 3418 Sacrum
403 3365 506 3417 notum
527 3359 646 3434 quidem
662 3377 700 3416 ex
716 3358 918 3430 Ostiensibus,
942 3359 996 3418 sed
1012 3360 1108 3418 adhuc
1123 3378 1180 3418 non
1197 3361 1272 3419 satis
1287 3359 1479 3420 intellectum.

255 3457 335 3517 Nam
358 3478 423 3517 cum
446 3459 487 3517 ibi
510 3459 653 3536 scriptum
676 3469 756 3517 esset
777 3474 841 3517 rovr
861 3475 938 3517 rvso
961 3474 1073 3518 ivnonr
1097 3475 1174 3531 (ΗΝ
1197 3477 1289 3533 carne,
1317 3461 1394 3520 solvi
1418 3463 1483 3520 Ioui

257 3561 431 3636 mtpuratori
452 3561 612 3635 Iunonique
637 3562 668 3616 e'n
689 3577 805 3634 campo,
832 3560 864 3618 in
885 3578 920 3617 eo
943 3560 1032 3618 venia
1053 3560 1160 3638 dignus
1182 3561 1265 3636 quod
1287 3561 1480 3636 vetustiorem

255 3661 381 3719 formam
407 3661 489 3720 lovis
516 3660 642 3739 fulguris
669 3669 816 3718 servatam
837 3660 917 3737 apud
939 3659 1062 3719 Festrrm
1088 3661 1132 3736 (v.
1153 3680 1332 3739 provorsum
1358 3680 1387 3738 p.
1404 3661 1479 3737 229)

256 3764 518 3837 confirmatamque
546 3762 633 3820 titulo
648 3760 814 3819 Viennensi
842 3761 985 3836 (Henzen
1006 3760 1101 3820 5629:
1128 3763 1194 3820 Ioci
1213 3764 1330 3839 fietpart
1344 3763 1480 3840 fulmini)

254 3864 413 3922 recentiori
441 3871 471 3921 et
496 3861 644 3921 usitatiori
664 3861 840 3936 posthabui3
866 3880 1046 3938 quamquam
1067 3863 1172 3921 Iovem
1193 3863 1294 3941 fulgur
1318 3864 1378 3923 iam
1401 3873 1480 3923 recte

255 3981 468 4041 componemus
494 3982 562 4022 cum
586 3962 660 4022 Iove
686 3961 847 4020 Libertate.
893 3961 953 4022 Sed
979 3965 1071 4041 pudet
1096 3981 1143 4022 mc
1169 3964 1296 4041 copulae
1321 3983 1376 4042 que
1401 3965 1479 4023 male

254 4067 385 4124 intrusae
410 4066 531 4122 omnino
552 4063 667 4122 alienae
689 4082 708 4122 a
727 4064 830 4134 fastis,
860 4064 911 4140 qui
937 4065 1014 4124 daos
1036 4065 1177 4141 pluresve
1206 4065 1277 4124 deos
1304 4066 1479 4141 plerumque.

255 4175 437 4243 componant
462 4155 623 4222 ‹lrovds'rac
649 4183 720 4224 raro
747 4165 862 4223 inserta
887 4166 996 4241 copula
1023 4175 1064 4238 et,
1094 4185 1258 4242 numquam
1287 4183 1357 4224 vero
1386 4164 1480 4222 altera

255 4286 317 4342 que.
353 4267 416 4326 Iam
443 4266 604 4326 Hennenus
625 4267 777 4325 revocavit
795 4284 896 4324 veram
917 4266 1147 4342 explicationem
1170 4283 1248 4341 quae
1271 4273 1318 4324 est
1338 4265 1402 4322 lovi
1416 4266 1479 4338 sat-

252 4369 359 4444 9(ari),
380 4369 486 4427 Iunoni
506 4367 636 4444 amir-tte)
658 4371 689 4425 in
710 4367 848 4442 camp(o).
892 4366 942 4425 Ex
963 4367 1080 4425 duabus
1102 4367 1207 4426 formis
1229 4369 1347 4427 curritis
1369 4376 1396 4424 et
1416 4369 1478 4441 qai-

252 4473 328 4541 n'tit,
355 4477 498 4546 quantum
525 4469 563 4528 ad
583 4469 678 4528 fastos
700 4468 819 4540 attinet,
848 4468 930 4544 paris
952 4467 1014 4526 lere
1035 4467 1221 4526 auctoritatis
1246 4467 1341 4548 altera
1363 4469 1477 4542 patritia

253 4579 282 4628 et
309 4571 339 4628 in
366 4571 435 4629 aliis
459 4571 525 4629 eius
547 4571 620 4628 deae
641 4569 737 4628 titulis
758 4568 835 4627 redit
862 4569 909 4643 (ut
931 4567 1024 4628 Orell.
1042 4567 1136 4643 1304)
1159 4577 1188 4625 et
1209 4577 1364 4643 praeterea
1384 4568 1479 4626 notis-

255 4673 331 4729 sima
356 4680 418 4742 est;
450 4673 546 4730 altera
571 4680 671 4730 autem
698 4674 812 4728 curmae
838 4688 916 4727 nunc
940 4668 1058 4726 demum
1086 4669 1160 4727 satis
1188 4667 1349 4728 stabilitur.
1397 4667 1477 4727 Nam

255 4791 293 4831 ex
323 4773 441 4832 duobus
473 4773 581 4843 titulis,
613 4772 644 4830 in
676 4772 787 4847 quibus
819 4769 890 4828 item
922 4769 1020 4842 adest,
1053 4770 1129 4828 alter
1155 4770 1267 4828 fractus
1295 4777 1342 4828 est
1369 4767 1478 4844 (Orell.

256 4873 351 4933 5659:
374 4875 439 4932 Ian.
463 4874 570 4950 ca...),
593 4874 624 4931 in
644 4873 739 4931 altero
762 4869 873 4947 (Orell.
892 4871 985 4947 1303)
1009 4869 1156 4948 Cyriacus
1178 4871 1307 4947 quidem,
1329 4870 1379 4946 qui
1402 4885 1479 4928 unus

254 4975 421 5052 descripsit,
443 4975 602 5034 lectionem
623 4993 724 5034 veram
746 4972 878 5045 exhibet,
901 4974 954 5031 sed
976 4983 1173 5049 corruperunt
1192 4973 1394 5048 exscriptorcs
1417 4969 1479 5027 edi-

255 5085 401 5153 toresque.
439 5076 568 5136 Videant
588 5076 680 5154 igitur
700 5074 935 5151 grammatistae‚
957 5074 1108 5150 quomodo
1129 5074 1240 5132 factum
1259 5074 1307 5142 sit,
1330 5081 1363 5129 ut
1377 5074 1477 5145 quiris,

254 5196 333 5254 qnae
358 5179 454 5238 forma
480 5186 527 5238 est
552 5179 617 5236 sine
643 5177 734 5235 dubio
756 5175 921 5252 primitiva,
948 5175 1056 5234 abierit
1079 5175 1111 5233 in
1138 5175 1169 5233 id
1196 5174 1277 5250 quod
1305 5179 1353 5243 ost
1373 5173 1475 5230 curris.
