3578 5962
494 574 793 630 ossnavnrrcrms
809 575 929 628 11111.
948 575 1030 628 xm.
1348 564 1394 636 27
1400 569 1421 638 5

97 756 198 816 monio
218 752 382 814 nascituris
403 751 555 810 successio
576 750 662 826 regni
682 749 748 808 eius
771 749 900 810 daretur.
944 749 1083 812 Obtinuit
1112 753 1144 812 id
1170 757 1273 832 puella
1303 761 1443 834 omnino,

96 866 221 935 propter
241 864 366 914 matrem
387 870 570 931 quamquam
590 850 703 910 dudum
724 860 812 911 antea
831 851 1002 912 defunctam
1023 857 1122 932 gratia
1141 857 1246 918 domus
1264 861 1426 938 Antoniae,

97 963 187 1039 qnam
209 976 246 1017 eo
266 957 335 1034 ipso
356 965 490 1033 tempore
511 954 638 1012 multum
652 953 797 1037 ¹potuisse
818 955 897 1032 apud
917 957 1087 1032 Augustum
1110 967 1237 1020 constat.
1268 962 1318 1023 Ita
1327 965 1426 1024 Iulius

97 1061 251 1120 Antonius
266 1057 416 1118 triumviri
429 1057 509 1117 filius
523 1057 619 1116 donec
639 1056 677 1115 ob
692 1057 925 1116 coniurationem
940 1058 1029 1135 periit
1047 1079 1073 1118 a
1092 1059 1162 1133 752,
1184 1063 1312 1139 primum
1327 1067 1425 1126 locum

98 1163 178 1241 apud
200 1181 266 1222 eum
287 1159 381 1220 tenuit
394 1168 465 1237 post
479 1159 635 1236 privignos
655 1177 840 1236 uxoremque
862 1159 969 1220 ducere
988 1161 1084 1236 potuit
1102 1173 1173 1239 post
1192 1183 1219 1224 a.
1237 1167 1295 1226 733
1311 1169 1426 1228 sororis

97 1265 231 1344 Augusti
255 1263 349 1322 liliam
377 1260 601 1337 Marcellam1);
634 1259 767 1319 Antonia
798 1261 895 1320 minor
922 1280 1010 1322 soror
1037 1265 1100 1324 eius
1127 1268 1231 1343 nupsit
1256 1286 1280 1328 c.
1308 1287 1336 1328 a.
1365 1269 1424 1330 738

97 1366 202 1427 Druso
234 1364 365 1443 Augusti
397 1365 536 1441 privigno
568 1370 598 1423 et
629 1362 849 1439 quodammodo
880 1363 944 1422 filio
951 1385 960 1437 ;
996 1363 1159 1443 Cleopatra
1194 1369 1268 1428 adeo
1305 1373 1428 1448 reginae

98 1468 232 1544 Aegypti
248 1468 386 1542 Augusto
407 1464 543 1524 infensae
556 1464 620 1524 filia
635 1464 804 1523 adulterina
819 1464 911 1523 Iubae
926 1465 1087 1525 Numidiae
1100 1468 1180 1545 regis
1195 1469 1257 1529 tilio
1279 1473 1311 1531 in
1325 1475 1427 1533 matri·

98 1569 231 1629 monium
253 1568 324 1626 data
344 1575 374 1626 et
394 1567 461 1643 ipsa
486 1567 601 1644 regium
623 1567 767 1626 honorem
789 1567 898 1642 adepta
919 1574 974 1626 est.
1018 1567 1135 1629 Horum
1157 1590 1218 1631 non
1241 1574 1364 1649 ignarus
1384 1575 1428 1635 in·

99 1670 230 1747 telleget,
252 1687 304 1727 cur
325 1667 404 1728 alins
426 1667 537 1728 sororis
555 1667 666 1727 dudum
689 1667 845 1728 defunctae
866 1669 930 1728 filia
943 1670 1062 1729 Asiana
1082 1672 1123 1730 ad
1142 1674 1257 1750 regium
1279 1674 1378 1734 locum
1400 1685 1430 1735 et

99 1773 168 1849 ipsa
181 1771 351 1849 pervenerit
365 1777 394 1830 et
408 1769 522 1845 posteri
536 1789 590 1829 cur
604 1770 782 1829 celebrarint
796 1779 921 1830 matrem
935 1772 1000 1830 eius
1013 1773 1180 1834 Antoniam
1194 1769 1243 1846 τὴν
1257 1766 1428 1861 εὐεργέτιδα.

184 1870 341 1949 Superest,
369 1880 403 1930 ut
427 1890 524 1950 pauca
549 1871 714 1931 adiciamus
745 1872 781 1932 de
806 1875 936 1950 posteris
956 1873 1171 1950 Pythodoridis
1197 1884 1227 1936 et
1246 1877 1430 1952 Polemonis,

99 1974 232 2036 maxime
254 1974 291 2033 ds
311 1975 361 2045 iis,
383 1973 435 2050 qui
456 1973 551 2032 Marci
571 1973 698 2032 Antonii
724 1973 874 2033 dicuntur.
917 1973 964 2032 Ea
985 1976 1108 2033 nomina
1128 1977 1227 2036 adhuc
1248 1979 1430 2040 credidimus

99 2075 252 2154 proticisci
273 2093 292 2133 a
312 2075 432 2134 civitate
453 2075 611 2134 Polemoni
631 2075 743 2134 tributa
763 2093 782 2133 a
803 2075 844 2134 hl.
867 2076 999 2135 Antonio
1020 2077 1183 2152 triumviro,
1208 2081 1321 2157 pariter
1341 2091 1430 2159 atque

99 2177 273 2257 Bosporani
304 2194 390 2254 reges
422 2177 492 2234 inde
517 2196 537 2236 a
562 2176 685 2236 Tiberio
717 2177 906 2254 appellantur
933 2178 981 2236 Ti.
1011 2178 1089 2237 Iulii.
1132 2181 1176 2238 At
1204 2182 1351 2244 eiusmodi
1380 2184 1431 2246 de-.

99 2279 359 2340 nominationum
381 2286 450 2338 aute
472 2279 634 2338 stabilitum
654 2279 769 2337 Romae
790 2279 948 2356 imperium
974 2281 1037 2356 regi
1059 2290 1164 2341 extero
1186 2302 1246 2343 non
1267 2285 1362 2344 infimi
1383 2305 1431 2346 or·

100 2382 181 2442 dinis
194 2381 269 2441 satis
283 2381 450 2462 conveniat,
465 2379 594 2440 dubitari
607 2388 719 2458 potest;
733 2381 823 2440 hodie
838 2400 909 2440 vero
923 2390 1082 2460 postquam
1101 2385 1242 2460 apparuit
1256 2386 1430 2448 Polemonis

101 2483 214 2544 liberos
235 2501 274 2542 cx
296 2482 507 2560 Pythodoride,
528 2491 615 2541 natos
636 2481 817 2542 descendere
839 2502 877 2542 ex
898 2485 1047 2555 Antonia,
1072 2503 1161 2544 nemo
1182 2487 1290 2562 opinor
1311 2491 1432 2567 negabit

100 2585 225 2646 uomina
255 2584 309 2643 illa
339 2602 399 2643 non
426 2603 445 2642 a
470 2583 592 2644 civitate
618 2584 782 2660 proficisci,
810 2585 863 2644 sed
891 2605 910 2644 a
938 2586 1041 2663 stirpis
1063 2587 1197 2666 principe
1218 2591 1253 2667 τῇ
1278 2582 1431 2672 εὐεργέτιδι

97 2679 246 2759 Ἀντωνίᾳ.
288 2687 325 2746 Id
347 2687 374 2745 si
397 2687 439 2744 ita
459 2696 520 2758 est,
542 2686 711 2745 Zenonides
737 2686 760 2745 11
783 2687 835 2764 qui
856 2687 995 2746 dicuntur
1015 2687 1056 2747 M.
1079 2690 1204 2750 Antonii
1226 2709 1286 2751 nou
1306 2705 1435 2769 possunt

100 2789 207 2866 quaeri
227 2788 288 2848 nisi
309 2788 385 2848 inter
405 2795 542 2865 posteros
563 2787 789 2864 Pythodoridis.
832 2786 910 2848 Sane
931 2789 1056 2849 Polemo
1071 2791 1288 2869 Pythodoridis
1310 2796 1434 2857 maritus

100 2892 282 2967 ubicumque
302 2897 484 2964 memoratur
505 2897 536 2948 et
556 2891 635 2966 apud
650 2899 787 2948 auctores
807 2891 885 2949 etin
900 2892 1028 2951 nummis
1043 2893 1208 2970 titulisque,
1230 2895 1313 2954 aliud
1327 2915 1435 2957 nomen

101 3011 164 3053 non
193 2991 326 3051 adsumit
352 2991 410 3050 nisi
438 2992 468 3050 in
497 2991 626 3050 nummis
654 2991 717 3050 suis
743 2983 906 3056 Εὐσεβοῦς.
949 2993 1050 3051 Etiam
1076 2994 1163 3054 liberi
1191 2996 1255 3055 eius
1281 2997 1314 3056 in
1343 2998 1436 3058 docu-

102 3095 214 3156 mentis
235 3095 324 3154 certia
344 3093 465 3153 nomine
479 3093 617 3152 Romano
639 3091 803 3164 abstinent;
824 3092 952 3170 denique
974 3093 1098 3152 ultimus
1118 3115 1173 3154 rex
1189 3095 1280 3156 Ponti
1297 3097 1435 3173 Polemo,

102 3215 195 3276 quem
220 3195 435 3274 Pythodoridis
461 3203 598 3273 nepotem
625 3191 726 3272 potius
752 3212 843 3269 quam
869 3193 965 3254 filium
989 3194 1085 3253 luisse
1106 3195 1359 3276 Waddingtcnius
1384 3201 1436 3260 do·

103 3299 177 3372 cuit,
199 3299 230 3358 in
251 3298 380 3358 nummis
401 3297 460 3356 hoc
481 3298 579 3356 solum
600 3314 708 3356 nomeu
731 3295 839 3372 posuit.
877 3296 917 3354 M.
939 3297 1066 3356 Antonii
1088 3298 1136 3356 vel
1158 3307 1237 3357 certe
1258 3302 1383 3361 Antonii
1406 3305 1437 3362 in

103 3403 163 3461 huc
189 3400 303 3460 familia
329 3399 381 3476 qui
409 3399 546 3458 dicuntur
573 3407 636 3458 tres
663 3405 748 3470 sunt,
776 3397 893 3474 primus
919 3397 1005 3457 cuius
1031 3407 1136 3460 extant
1166 3403 1279 3460 nummi
1316 3404 1361 3462 sic
1391 3405 1437 3463 in-

104 3503 225 3581 scripti:
258 3507 298 3561 Μ.
318 3492 466 3559 Ἀντωνίου
497 3491 659 3569 nostraeve
691 3489 847 3581 ἆρχιερέως
879 3489 1022 3557 δυνάστου
1046 3491 1180 3566 ’ordino
1209 3495 1261 3572 τῆς
1288 3504 1364 3588 ἱερᾶς
1389 3497 1438 3566 καὶ

104 3605 256 3687 &vuardo
276 3592 326 3662 aui
340 3591 518 3660 Λαλασσὲων,
537 3592 646 3678 111111)
668 3590 686 3658 ι’
707 3601 756 3660 vel
777 3589 825 3672 ια’,
847 3601 899 3677 qui
920 3619 980 3678 quo
1000 3609 1133 3678 tempore
1155 3604 1275 3678 vixerit,
1296 3607 1356 3684 ipsi
1377 3627 1439 3668 non

106 3699 298 3788 aperiunt²);
321 3704 428 3763 deinde
448 3704 476 3763 is
500 3703 552 3782 qui
571 3702 742 3763 nominatur
759 3704 791 3762 in
806 3704 936 3763 nummis
959 3705 1060 3781 oppidi
1076 3703 1255 3780 Laodiceae,
1277 3708 1308 3766 in
1329 3710 1439 3787 quibus

106 3811 147 3870 ab
169 3828 231 3868 11111
251 3815 335 3887 parte
355 3806 465 3884 legitur
490 3799 578 3875 δῆμος
598 3795 757 3863 Λαοδικέων
782 3794 831 3862 uui
855 3798 1025 3888 Ζμυρναῖων,
1057 3808 1095 3865 ab
1124 3809 1220 3868 alters
1244 3800 1288 3869 e’nl
1320 3802 1439 3896 ἱερέως)

106 3911 178 3992 [Ab]
187 3901 336 3970 Ἀντωνίου
351 3898 542 3985 thaisburc)
557 3903 620 3964 ὑιοῦ
632 3895 757 3977 Ζήνωνος
770 3900 800 3964 τὸ
817 3897 851 3982 δ’,
865 3901 1117 3986 similibusque,³)
1132 3929 1210 3986 quos
1225 3913 1380 3989 probabile
1394 3925 1442 3974 est

105 4031 198 4076 cusos
219 4030 287 4074 essa
308 4011 525 4090 imperantibus
548 4006 675 4067 Claudio
703 4018 733 4066 11
753 4007 887 4082 Ν11111;
917 4011 1021 4070 tertius
1051 4011 1189 4087 sophista
1208 4015 1360 4074 Antonius
1380 4014 1441 4074 Po-

189 4303 214 4368 ¹)
232 4301 363 4356 Plutarch.
383 4302 481 4352 Auton.
502 4301 546 4351 st.

188 4393 215 4459 ¹)
232 4395 411 4462 Waddington
429 4394 447 4443 l.
467 4409 488 4444 c.
508 4409 534 4457 p.
556 4390 607 4440 121
627 4401 672 4438 ecs
691 4387 822 4439 11111111
841 4403 866 4440 1.
887 4390 948 4440 724.
969 4389 1036 4452 7253
1056 4389 1101 4439 sed
1120 4397 1223 4455 praeter
1240 4389 1268 4440 id
1281 4391 1351 4457 qnod
1363 4407 1442 4457 supra

106 4489 305 4541 observavimus
324 4501 356 4537 ea
374 4491 458 4537 aetate
476 4485 576 4536 nullum
595 4481 680 4533 adhuc
698 4495 753 4532 ease
771 4481 886 4547 potuisse
904 4481 942 4533 Μ.
961 4482 1106 4532 Antonium
1118 4481 1296 4546 Polemonem,
1316 4484 1443 4536 eiusmodi

107 4581 238 4647 temporis
255 4578 437 4630 determinatio
455 4575 593 4628 difficulter
611 4573 763 4626 conciliatur
780 4589 838 4625 cum
856 4575 897 4638 iis,
917 4587 982 4640 quae
1001 4573 1033 4624 da
1046 4573 1197 4624 Olbenslnm
1216 4573 1337 4640 dynastia
1348 4577 1443 4630 Strabo

106 4673 211 4726 scribit.

191 4761 218 4827 ⁸)
237 4761 416 4826 Waddington
434 4760 452 4811 l.
472 4775 494 4810 o.
513 4774 539 4824 p.
561 4759 622 4822 131,
643 4758 686 4824 qui
706 4757 790 4809 eidem
809 4757 908 4809 homini
926 4755 1042 4808 attribuit
1058 4771 1178 4808 nummos
1199 4757 1265 4810 ahos
1282 4760 1445 4816 Laodicenos

107 4867 175 4920 1111,
195 4857 223 4907 ln
242 4855 334 4922 quibus
352 4867 447 4904 nomen
466 4853 504 4902 sic
523 4851 638 4902 elienor:
659 4845 701 4899 1111
721 4845 751 4898 la.
786 4841 898 4914 Ζήνωνος
916 4837 1060 4898 11111.τὸ
1080 4837 1102 4897 δ’
1117 4846 1308 4921 ειῐῐολίμωνος
1325 4842 1445 4918 11111Ζῆ.

109 4963 198 5005 νωνος.
236 4947 337 4998 Horum
356 4946 407 4996 duo
427 4945 534 4995 nomina
551 4943 648 4995 habent
666 4941 769 4994 Claudii
788 4949 814 4992 11
831 4942 956 5003 Neronis,
982 4941 1047 5000 duos
1069 4941 1182 5008 reliquos
1201 4945 1342 4998 litterarum
1361 4945 1444 4996 lor-ma

108 5049 138 5094 et
158 5040 224 5094 11111
242 5040 399 5106 proprietate
418 5038 595 5090 Neronianum
614 5043 714 5100 tempus
732 5033 829 5085 1111111
847 5033 1067 5098 Waddingtonins
1084 5034 1180 5086 scribit.
