<?xml version="1.0" encoding="UTF-8"?>
<!DOCTYPE html PUBLIC "-//W3C//DTD XHTML 1.0 Transitional//EN"
    "http://www.w3.org/TR/xhtml1/DTD/xhtml1-transitional.dtd">
<html xmlns="http://www.w3.org/1999/xhtml" xml:lang="en" lang="en">
 <head>
  <title>
</title>
<meta http-equiv="Content-Type" content="text/html;charset=utf-8" />
  <meta name='ocr-system' content='tesseract 3.04.00' />
  <meta name='ocr-capabilities' content='ocr_page ocr_carea ocr_par ocr_line ocrx_word'/>
</head>
<body>
  <div class='ocr_page' id='page_1' title='image "./ephemerisepigra19instgoog_0083.png"; bbox 0 0 3610 5956; ppageno 0'>
   <div class='ocr_carea' id='block_1_1' title="bbox 353 585 1109 655">
    <p class='ocr_par' dir='ltr' id='par_1_1' title="bbox 353 585 1109 655">
     <span class='ocr_line' id='line_1_1' title="bbox 353 585 1109 655; baseline -0.004 0"><span class='ocrx_word' id='word_1_1' title='bbox 353 585 401 655; x_wconf 74' lang='lat'><strong>70</strong></span> <span class='ocrx_word' id='word_1_2' title='bbox 927 601 1109 654; x_wconf 82' lang='lat' dir='ltr'><strong>nouusnu</strong></span> 
     </span>
    </p>
   </div>
   <div class='ocr_carea' id='block_1_2' title="bbox 350 772 1679 1053">
    <p class='ocr_par' dir='ltr' id='par_1_2' title="bbox 350 772 1679 1053">
     <span class='ocr_line' id='line_1_2' title="bbox 350 772 1677 849; baseline -0.001 -16"><span class='ocrx_word' id='word_1_3' title='bbox 350 775 516 834; x_wconf 88' lang='lat' dir='ltr'><strong>Evidenter</strong></span> <span class='ocrx_word' id='word_1_4' title='bbox 538 773 756 834; x_wconf 86' lang='lat' dir='ltr'><strong>Gutenstenius</strong></span> <span class='ocrx_word' id='word_1_5' title='bbox 783 773 857 830; x_wconf 89' lang='lat' dir='ltr'><strong>haec</strong></span> <span class='ocrx_word' id='word_1_6' title='bbox 876 772 1035 849; x_wconf 81' lang='lat' dir='ltr'><strong>descripsit</strong></span> <span class='ocrx_word' id='word_1_7' title='bbox 1056 791 1095 831; x_wconf 90' lang='lat' dir='ltr'><strong>ex</strong></span> <span class='ocrx_word' id='word_1_8' title='bbox 1116 772 1184 848; x_wconf 91' lang='lat' dir='ltr'><strong>ipso</strong></span> <span class='ocrx_word' id='word_1_9' title='bbox 1206 772 1259 830; x_wconf 94' lang='lat' dir='ltr'><strong>illo</strong></span> <span class='ocrx_word' id='word_1_10' title='bbox 1281 773 1335 849; x_wconf 91' lang='lat' dir='ltr'><strong>qui</strong></span> <span class='ocrx_word' id='word_1_11' title='bbox 1356 773 1454 832; x_wconf 86' lang='lat' dir='ltr'><strong>adhuc</strong></span> <span class='ocrx_word' id='word_1_12' title='bbox 1476 781 1562 832; x_wconf 84' lang='lat' dir='ltr'><strong>extat</strong></span> <span class='ocrx_word' id='word_1_13' title='bbox 1583 773 1677 832; x_wconf 86' lang='lat' dir='ltr'><strong>codice</strong></span> 
     </span>
     <span class='ocr_line' id='line_1_3' title="bbox 350 872 1678 951; baseline -0.002 -17"><span class='ocrx_word' id='word_1_14' title='bbox 350 876 464 935; x_wconf 78' lang='lat' dir='ltr'><strong>Metelli</strong></span> <span class='ocrx_word' id='word_1_15' title='bbox 487 897 516 934; x_wconf 92' lang='lat' dir='ltr'><strong>n.</strong></span> <span class='ocrx_word' id='word_1_16' title='bbox 533 875 629 945; x_wconf 84' lang='lat'><strong>6039;</strong></span> <span class='ocrx_word' id='word_1_17' title='bbox 658 892 728 932; x_wconf 88' lang='lat' dir='ltr'><strong>nam</strong></span> <span class='ocrx_word' id='word_1_18' title='bbox 754 873 829 931; x_wconf 85' lang='lat' dir='ltr'><strong>alter</strong></span> <span class='ocrx_word' id='word_1_19' title='bbox 854 894 883 932; x_wconf 90' lang='lat' dir='ltr'><strong>n.</strong></span> <span class='ocrx_word' id='word_1_20' title='bbox 900 873 982 933; x_wconf 80' lang='lat'><strong>6038</strong></span> <span class='ocrx_word' id='word_1_21' title='bbox 1005 874 1043 932; x_wconf 90' lang='lat' dir='ltr'><strong>ab</strong></span> <span class='ocrx_word' id='word_1_22' title='bbox 1066 874 1214 951; x_wconf 84' lang='lat' dir='ltr'><strong>exemplis</strong></span> <span class='ocrx_word' id='word_1_23' title='bbox 1238 872 1486 934; x_wconf 87' lang='lat' dir='ltr'><strong>Gutensteniauis</strong></span> <span class='ocrx_word' id='word_1_24' title='bbox 1507 875 1599 934; x_wconf 89' lang='lat' dir='ltr'><strong>etiam</strong></span> <span class='ocrx_word' id='word_1_25' title='bbox 1620 874 1678 932; x_wconf 89' lang='lat' dir='ltr'><strong>lon·</strong></span> 
     </span>
     <span class='ocr_line' id='line_1_4' title="bbox 352 975 1679 1053; baseline -0.002 -18"><span class='ocrx_word' id='word_1_26' title='bbox 352 977 418 1053; x_wconf 90' lang='lat' dir='ltr'><strong>gius</strong></span> <span class='ocrx_word' id='word_1_27' title='bbox 446 977 565 1036; x_wconf 83' lang='lat' dir='ltr'><strong>recedit</strong></span> <span class='ocrx_word' id='word_1_28' title='bbox 612 975 785 1051; x_wconf 82' lang='lat' dir='ltr'><strong>Descripsit</strong></span> <span class='ocrx_word' id='word_1_29' title='bbox 812 985 911 1032; x_wconf 89' lang='lat' dir='ltr'><strong>antem</strong></span> <span class='ocrx_word' id='word_1_30' title='bbox 940 975 996 1046; x_wconf 86' lang='lat' dir='ltr'><strong>ita,</strong></span> <span class='ocrx_word' id='word_1_31' title='bbox 1032 982 1065 1032; x_wconf 90' lang='lat' dir='ltr'><strong>ut</strong></span> <span class='ocrx_word' id='word_1_32' title='bbox 1090 982 1210 1052; x_wconf 87' lang='lat' dir='ltr'><strong>praeter</strong></span> <span class='ocrx_word' id='word_1_33' title='bbox 1238 976 1354 1033; x_wconf 90' lang='lat' dir='ltr'><strong>minora</strong></span> <span class='ocrx_word' id='word_1_34' title='bbox 1380 976 1412 1034; x_wconf 92' lang='lat' dir='ltr'><strong>in</strong></span> <span class='ocrx_word' id='word_1_35' title='bbox 1439 975 1536 1036; x_wconf 87' lang='lat' dir='ltr'><strong>altera</strong></span> <span class='ocrx_word' id='word_1_36' title='bbox 1561 975 1679 1035; x_wconf 86' lang='lat' dir='ltr'><strong>adderet</strong></span> 
     </span>
    </p>
   </div>
   <div class='ocr_carea' id='block_1_3' title="bbox 351 1075 1771 1153">
    <p class='ocr_par' dir='ltr' id='par_1_3' title="bbox 351 1075 1771 1153">
     <span class='ocr_line' id='line_1_5' title="bbox 351 1075 1771 1153; baseline 0.001 -18"><span class='ocrx_word' id='word_1_37' title='bbox 351 1077 510 1136; x_wconf 80' lang='lat' dir='ltr'><strong>formulam</strong></span> <span class='ocrx_word' id='word_1_38' title='bbox 538 1077 759 1149; x_wconf 77' lang='lat' dir='ltr'><strong>dedicatoriam,</strong></span> <span class='ocrx_word' id='word_1_39' title='bbox 788 1077 820 1134; x_wconf 91' lang='lat' dir='ltr'><strong>in</strong></span> <span class='ocrx_word' id='word_1_40' title='bbox 846 1077 942 1134; x_wconf 87' lang='lat' dir='ltr'><strong>altera</strong></span> <span class='ocrx_word' id='word_1_41' title='bbox 966 1075 1083 1153; x_wconf 80' lang='lat' dir='ltr'><strong>duobus</strong></span> <span class='ocrx_word' id='word_1_42' title='bbox 1110 1077 1186 1135; x_wconf 89' lang='lat' dir='ltr'><strong>locis</strong></span> <span class='ocrx_word' id='word_1_43' title='bbox 1215 1095 1371 1136; x_wconf 90' lang='lat' dir='ltr'><strong>numerum</strong></span> <span class='ocrx_word' id='word_1_44' title='bbox 1398 1076 1524 1150; x_wconf 90' lang='lat' dir='ltr'><strong>dierum,</strong></span> <span class='ocrx_word' id='word_1_45' title='bbox 1558 1096 1678 1152; x_wconf 85' lang='lat' dir='ltr'><strong>quorum</strong></span> <span class='ocrx_word' id='word_1_46' title='bbox 1770 1117 1771 1128; x_wconf 45' lang='grc' dir='ltr'>ι</span> 
     </span>
    </p>
   </div>
   <div class='ocr_carea' id='block_1_4' title="bbox 351 1177 1771 1357">
    <p class='ocr_par' dir='ltr' id='par_1_4' title="bbox 351 1177 1771 1357">
     <span class='ocr_line' id='line_1_6' title="bbox 351 1177 1771 1268; baseline -0.004 -31"><span class='ocrx_word' id='word_1_47' title='bbox 351 1187 489 1237; x_wconf 88' lang='lat' dir='ltr'><strong>neutrum</strong></span> <span class='ocrx_word' id='word_1_48' title='bbox 510 1179 540 1235; x_wconf 92' lang='lat' dir='ltr'><strong>in</strong></span> <span class='ocrx_word' id='word_1_49' title='bbox 563 1178 624 1235; x_wconf 91' lang='lat' dir='ltr'><strong>ullo</strong></span> <span class='ocrx_word' id='word_1_50' title='bbox 645 1179 751 1236; x_wconf 90' lang='lat' dir='ltr'><strong>horum</strong></span> <span class='ocrx_word' id='word_1_51' title='bbox 774 1178 925 1236; x_wconf 87' lang='lat' dir='ltr'><strong>titulorum</strong></span> <span class='ocrx_word' id='word_1_52' title='bbox 945 1178 1121 1254; x_wconf 88' lang='lat' dir='ltr'><strong>apographo</strong></span> <span class='ocrx_word' id='word_1_53' title='bbox 1136 1185 1290 1254; x_wconf 88' lang='lat' dir='ltr'><strong>comparet</strong></span> <span class='ocrx_word' id='word_1_54' title='bbox 1304 1187 1422 1253; x_wconf 88' lang='lat' dir='ltr'><strong>praeter</strong></span> <span class='ocrx_word' id='word_1_55' title='bbox 1437 1177 1677 1238; x_wconf 80' lang='lat' dir='ltr'><strong>Gutensteniana.</strong></span> <span class='ocrx_word' id='word_1_56' title='bbox 1770 1263 1771 1268; x_wconf 7' lang='grc' dir='ltr'>η</span> 
     </span>
     <span class='ocr_line' id='line_1_7' title="bbox 351 1277 1771 1357; baseline -0.003 -19"><span class='ocrx_word' id='word_1_57' title='bbox 351 1279 398 1338; x_wconf 85' lang='lat' dir='ltr'><strong>Ea</strong></span> <span class='ocrx_word' id='word_1_58' title='bbox 417 1279 509 1357; x_wconf 85' lang='lat' dir='ltr'><strong>igitur</strong></span> <span class='ocrx_word' id='word_1_59' title='bbox 531 1287 715 1337; x_wconf 88' lang='lat' dir='ltr'><strong>commentus</strong></span> <span class='ocrx_word' id='word_1_60' title='bbox 738 1289 785 1337; x_wconf 90' lang='lat' dir='ltr'><strong>est</strong></span> <span class='ocrx_word' id='word_1_61' title='bbox 805 1298 859 1354; x_wconf 91' lang='lat' dir='ltr'><strong>per</strong></span> <span class='ocrx_word' id='word_1_62' title='bbox 877 1297 910 1336; x_wconf 91' lang='lat' dir='ltr'><strong>se</strong></span> <span class='ocrx_word' id='word_1_63' title='bbox 926 1277 1053 1336; x_wconf 91' lang='lat' dir='ltr'><strong>innocua</strong></span> <span class='ocrx_word' id='word_1_64' title='bbox 1069 1287 1098 1338; x_wconf 91' lang='lat' dir='ltr'><strong>et</strong></span> <span class='ocrx_word' id='word_1_65' title='bbox 1113 1279 1193 1350; x_wconf 85' lang='lat' dir='ltr'><strong>vilia,</strong></span> <span class='ocrx_word' id='word_1_66' title='bbox 1216 1278 1269 1338; x_wconf 89' lang='lat' dir='ltr'><strong>sed</strong></span> <span class='ocrx_word' id='word_1_67' title='bbox 1283 1278 1323 1337; x_wconf 83' lang='lat' dir='ltr'><strong>ad</strong></span> <span class='ocrx_word' id='word_1_68' title='bbox 1337 1277 1472 1337; x_wconf 77' lang='lat' dir='ltr'><strong>fraudem</strong></span> <span class='ocrx_word' id='word_1_69' title='bbox 1488 1277 1677 1355; x_wconf 79' lang='lat' dir='ltr'><strong>detegendam</strong></span> <span class='ocrx_word' id='word_1_70' title='bbox 1770 1293 1771 1342; x_wconf 68' lang='lat' dir='ltr'><strong>i</strong></span> 
     </span>
    </p>
   </div>
   <div class='ocr_carea' id='block_1_5' title="bbox 350 1379 1771 1457">
    <p class='ocr_par' dir='ltr' id='par_1_5' title="bbox 350 1379 1771 1457">
     <span class='ocr_line' id='line_1_8' title="bbox 350 1379 1771 1457; baseline -0.001 -17"><span class='ocrx_word' id='word_1_71' title='bbox 350 1399 411 1440; x_wconf 92' lang='lat' dir='ltr'><strong>non</strong></span> <span class='ocrx_word' id='word_1_72' title='bbox 427 1381 524 1439; x_wconf 88' lang='lat' dir='ltr'><strong>minus</strong></span> <span class='ocrx_word' id='word_1_73' title='bbox 540 1387 610 1457; x_wconf 86' lang='lat' dir='ltr'><strong>apta</strong></span> <span class='ocrx_word' id='word_1_74' title='bbox 624 1398 715 1455; x_wconf 89' lang='lat' dir='ltr'><strong>qnam</strong></span> <span class='ocrx_word' id='word_1_75' title='bbox 730 1379 877 1438; x_wconf 89' lang='lat' dir='ltr'><strong>Hercules</strong></span> <span class='ocrx_word' id='word_1_76' title='bbox 892 1379 989 1438; x_wconf 86' lang='lat' dir='ltr'><strong>victor</strong></span> <span class='ocrx_word' id='word_1_77' title='bbox 1003 1379 1166 1439; x_wconf 89' lang='lat' dir='ltr'><strong>honoratus</strong></span> <span class='ocrx_word' id='word_1_78' title='bbox 1183 1381 1220 1438; x_wconf 91' lang='lat' dir='ltr'><strong>ab</strong></span> <span class='ocrx_word' id='word_1_79' title='bbox 1234 1381 1414 1456; x_wconf 81' lang='lat' dir='ltr'><strong>imperatore</strong></span> <span class='ocrx_word' id='word_1_80' title='bbox 1427 1379 1648 1438; x_wconf 88' lang='lat' dir='ltr'><strong>Valentiniano.</strong></span> <span class='ocrx_word' id='word_1_81' title='bbox 1770 1415 1771 1438; x_wconf 62' lang='grc' dir='ltr'>ι</span> 
     </span>
    </p>
   </div>
   <div class='ocr_carea' id='block_1_6' title="bbox 349 1441 1771 2572">
    <p class='ocr_par' dir='ltr' id='par_1_6' title="bbox 349 1441 1771 2572">
     <span class='ocr_line' id='line_1_9' title="bbox 437 1441 1771 1560; baseline -0.001 -20"><span class='ocrx_word' id='word_1_82' title='bbox 437 1483 464 1540; x_wconf 88' lang='lat'><strong>3.</strong></span> <span class='ocrx_word' id='word_1_83' title='bbox 502 1480 598 1540; x_wconf 86' lang='lat' dir='ltr'><strong>Tituli</strong></span> <span class='ocrx_word' id='word_1_84' title='bbox 619 1500 680 1538; x_wconf 93' lang='lat' dir='ltr'><strong>non</strong></span> <span class='ocrx_word' id='word_1_85' title='bbox 702 1481 745 1539; x_wconf 88' lang='lat' dir='ltr'><strong>ita</strong></span> <span class='ocrx_word' id='word_1_86' title='bbox 765 1481 852 1555; x_wconf 89' lang='lat' dir='ltr'><strong>pauci</strong></span> <span class='ocrx_word' id='word_1_87' title='bbox 875 1481 1014 1560; x_wconf 87' lang='lat' dir='ltr'><strong>leguntur</strong></span> <span class='ocrx_word' id='word_1_88' title='bbox 1035 1481 1115 1558; x_wconf 88' lang='lat' dir='ltr'><strong>apud</strong></span> <span class='ocrx_word' id='word_1_89' title='bbox 1139 1479 1301 1540; x_wconf 84' lang='lat' dir='ltr'><strong>Gruterum</strong></span> <span class='ocrx_word' id='word_1_90' title='bbox 1323 1499 1391 1540; x_wconf 89' lang='lat' dir='ltr'><strong>cnm</strong></span> <span class='ocrx_word' id='word_1_91' title='bbox 1414 1481 1679 1558; x_wconf 86' lang='lat' dir='ltr'><strong>subscriptionibus</strong></span> <span class='ocrx_word' id='word_1_92' title='bbox 1770 1441 1771 1488; x_wconf 37' lang='lat' dir='ltr'><strong>l</strong></span> 
     </span>
     <span class='ocr_line' id='line_1_10' title="bbox 349 1576 1679 1654; baseline -0.002 -14"><span class='ocrx_word' id='word_1_93' title='bbox 349 1583 465 1640; x_wconf 82' lang='lat' dir='ltr'><strong>formae</strong></span> <span class='ocrx_word' id='word_1_94' title='bbox 486 1582 634 1652; x_wconf 89' lang='lat' dir='ltr'><strong>diversae,</strong></span> <span class='ocrx_word' id='word_1_95' title='bbox 663 1582 751 1640; x_wconf 91' lang='lat' dir='ltr'><strong>modo</strong></span> <span class='ocrx_word' id='word_1_96' title='bbox 777 1579 824 1639; x_wconf 86' lang='lat' dir='ltr'><strong>‘ex</strong></span> <span class='ocrx_word' id='word_1_97' title='bbox 846 1583 959 1641; x_wconf 85' lang='lat' dir='ltr'><strong>Metelli</strong></span> <span class='ocrx_word' id='word_1_98' title='bbox 988 1583 1107 1641; x_wconf 88' lang='lat' dir='ltr'><strong>schedis</strong></span> <span class='ocrx_word' id='word_1_99' title='bbox 1131 1576 1365 1654; x_wconf 86' lang='lat' dir='ltr'><strong>Gutenstenius’‚</strong></span> <span class='ocrx_word' id='word_1_100' title='bbox 1393 1581 1482 1640; x_wconf 92' lang='lat' dir='ltr'><strong>modo</strong></span> <span class='ocrx_word' id='word_1_101' title='bbox 1502 1579 1679 1642; x_wconf 86' lang='lat' dir='ltr'><strong>‘Metelluse</strong></span> 
     </span>
     <span class='ocr_line' id='line_1_11' title="bbox 350 1677 1679 1760; baseline -0.001 -19"><span class='ocrx_word' id='word_1_102' title='bbox 350 1683 452 1741; x_wconf 90' lang='lat' dir='ltr'><strong>codice</strong></span> <span class='ocrx_word' id='word_1_103' title='bbox 473 1682 575 1742; x_wconf 81' lang='lat' dir='ltr'><strong>fratris</strong></span> <span class='ocrx_word' id='word_1_104' title='bbox 598 1677 742 1753; x_wconf 89' lang='lat' dir='ltr'><strong>Iucundi’,</strong></span> <span class='ocrx_word' id='word_1_105' title='bbox 764 1685 852 1742; x_wconf 93' lang='lat' dir='ltr'><strong>modo</strong></span> <span class='ocrx_word' id='word_1_106' title='bbox 872 1680 1022 1742; x_wconf 87' lang='lat' dir='ltr'><strong>‘Metellus</strong></span> <span class='ocrx_word' id='word_1_107' title='bbox 1044 1703 1061 1742; x_wconf 89' lang='lat' dir='ltr'><strong>e</strong></span> <span class='ocrx_word' id='word_1_108' title='bbox 1083 1686 1288 1760; x_wconf 86' lang='lat' dir='ltr'><strong>manuscripto</strong></span> <span class='ocrx_word' id='word_1_109' title='bbox 1310 1684 1412 1743; x_wconf 87' lang='lat' dir='ltr'><strong>codice</strong></span> <span class='ocrx_word' id='word_1_110' title='bbox 1434 1683 1599 1742; x_wconf 79' lang='lat' dir='ltr'><strong>cardinalis</strong></span> <span class='ocrx_word' id='word_1_111' title='bbox 1613 1681 1679 1742; x_wconf 83' lang='lat' dir='ltr'><strong>(lar-</strong></span> 
     </span>
     <span class='ocr_line' id='line_1_12' title="bbox 350 1779 1678 1862; baseline 0 -21"><span class='ocrx_word' id='word_1_112' title='bbox 350 1779 472 1859; x_wconf 89' lang='lat' dir='ltr'><strong>pensis’,</strong></span> <span class='ocrx_word' id='word_1_113' title='bbox 502 1802 579 1860; x_wconf 85' lang='lat' dir='ltr'><strong>quus</strong></span> <span class='ocrx_word' id='word_1_114' title='bbox 606 1785 843 1859; x_wconf 89' lang='lat' dir='ltr'><strong>subscriptiones</strong></span> <span class='ocrx_word' id='word_1_115' title='bbox 870 1785 982 1843; x_wconf 92' lang='lat' dir='ltr'><strong>dudum</strong></span> <span class='ocrx_word' id='word_1_116' title='bbox 1012 1785 1198 1844; x_wconf 88' lang='lat' dir='ltr'><strong>intellectum</strong></span> <span class='ocrx_word' id='word_1_117' title='bbox 1227 1795 1275 1844; x_wconf 89' lang='lat' dir='ltr'><strong>est</strong></span> <span class='ocrx_word' id='word_1_118' title='bbox 1301 1786 1478 1862; x_wconf 87' lang='lat' dir='ltr'><strong>plerumque</strong></span> <span class='ocrx_word' id='word_1_119' title='bbox 1504 1793 1586 1844; x_wconf 69' lang='lat' dir='ltr'><strong>certe</strong></span> <span class='ocrx_word' id='word_1_120' title='bbox 1608 1785 1678 1843; x_wconf 90' lang='lat' dir='ltr'><strong>idem</strong></span> 
     </span>
     <span class='ocr_line' id='line_1_13' title="bbox 351 1885 1679 1964; baseline 0.001 -21"><span class='ocrx_word' id='word_1_121' title='bbox 351 1885 538 1963; x_wconf 84' lang='lat' dir='ltr'><strong>significare,</strong></span> <span class='ocrx_word' id='word_1_122' title='bbox 565 1886 596 1945; x_wconf 91' lang='lat' dir='ltr'><strong>id</strong></span> <span class='ocrx_word' id='word_1_123' title='bbox 624 1893 670 1944; x_wconf 89' lang='lat' dir='ltr'><strong>est</strong></span> <span class='ocrx_word' id='word_1_124' title='bbox 690 1887 811 1944; x_wconf 90' lang='lat' dir='ltr'><strong>titulum</strong></span> <span class='ocrx_word' id='word_1_125' title='bbox 833 1906 872 1945; x_wconf 90' lang='lat' dir='ltr'><strong>ex</strong></span> <span class='ocrx_word' id='word_1_126' title='bbox 895 1887 997 1945; x_wconf 85' lang='lat' dir='ltr'><strong>codice</strong></span> <span class='ocrx_word' id='word_1_127' title='bbox 1019 1887 1121 1947; x_wconf 80' lang='lat' dir='ltr'><strong>fratris</strong></span> <span class='ocrx_word' id='word_1_128' title='bbox 1143 1886 1270 1945; x_wconf 88' lang='lat' dir='ltr'><strong>Iucundi</strong></span> <span class='ocrx_word' id='word_1_129' title='bbox 1292 1895 1413 1946; x_wconf 83' lang='lat' dir='ltr'><strong>servato</strong></span> <span class='ocrx_word' id='word_1_130' title='bbox 1435 1897 1497 1945; x_wconf 89' lang='lat' dir='ltr'><strong>tum</strong></span> <span class='ocrx_word' id='word_1_131' title='bbox 1521 1886 1603 1964; x_wconf 89' lang='lat' dir='ltr'><strong>apud</strong></span> <span class='ocrx_word' id='word_1_132' title='bbox 1622 1905 1679 1944; x_wconf 88' lang='lat' dir='ltr'><strong>car·</strong></span> 
     </span>
     <span class='ocr_line' id='line_1_14' title="bbox 351 1985 1678 2064; baseline 0 -20"><span class='ocrx_word' id='word_1_133' title='bbox 351 1986 481 2045; x_wconf 89' lang='lat' dir='ltr'><strong>dinalem</strong></span> <span class='ocrx_word' id='word_1_134' title='bbox 515 1985 697 2062; x_wconf 77' lang='lat' dir='ltr'><strong>carpensem</strong></span> <span class='ocrx_word' id='word_1_135' title='bbox 727 1988 879 2046; x_wconf 89' lang='lat' dir='ltr'><strong>Metellum</strong></span> <span class='ocrx_word' id='word_1_136' title='bbox 911 1988 1129 2064; x_wconf 86' lang='lat' dir='ltr'><strong>descripsisse,</strong></span> <span class='ocrx_word' id='word_1_137' title='bbox 1163 1987 1396 2047; x_wconf 87' lang='lat' dir='ltr'><strong>Gutenstenium</strong></span> <span class='ocrx_word' id='word_1_138' title='bbox 1427 2005 1534 2047; x_wconf 87' lang='lat' dir='ltr'><strong>rursus</strong></span> <span class='ocrx_word' id='word_1_139' title='bbox 1569 1989 1678 2048; x_wconf 88' lang='lat' dir='ltr'><strong>misisse</strong></span> 
     </span>
     <span class='ocr_line' id='line_1_15' title="bbox 350 2087 1678 2166; baseline 0.002 -22"><span class='ocrx_word' id='word_1_140' title='bbox 350 2106 390 2145; x_wconf 85' lang='lat' dir='ltr'><strong>ex</strong></span> <span class='ocrx_word' id='word_1_141' title='bbox 417 2087 607 2146; x_wconf 80' lang='lat' dir='ltr'><strong>Metelliunis.</strong></span> <span class='ocrx_word' id='word_1_142' title='bbox 652 2087 796 2148; x_wconf 87' lang='lat' dir='ltr'><strong>Versuvit</strong></span> <span class='ocrx_word' id='word_1_143' title='bbox 820 2089 913 2166; x_wconf 87' lang='lat' dir='ltr'><strong>igitur</strong></span> <span class='ocrx_word' id='word_1_144' title='bbox 942 2087 1160 2149; x_wconf 86' lang='lat' dir='ltr'><strong>Gutenstcnius</strong></span> <span class='ocrx_word' id='word_1_145' title='bbox 1189 2095 1332 2166; x_wconf 88' lang='lat' dir='ltr'><strong>excerpta</strong></span> <span class='ocrx_word' id='word_1_146' title='bbox 1353 2088 1527 2148; x_wconf 88' lang='lat' dir='ltr'><strong>Metelliana</strong></span> <span class='ocrx_word' id='word_1_147' title='bbox 1556 2089 1615 2147; x_wconf 88' lang='lat' dir='ltr'><strong>iam</strong></span> <span class='ocrx_word' id='word_1_148' title='bbox 1641 2088 1678 2146; x_wconf 90' lang='lat' dir='ltr'><strong>in·</strong></span> 
     </span>
     <span class='ocr_line' id='line_1_16' title="bbox 350 2187 1677 2267; baseline -0.002 -19"><span class='ocrx_word' id='word_1_149' title='bbox 350 2197 431 2248; x_wconf 88' lang='lat' dir='ltr'><strong>serta</strong></span> <span class='ocrx_word' id='word_1_150' title='bbox 452 2190 547 2248; x_wconf 88' lang='lat' dir='ltr'><strong>codici</strong></span> <span class='ocrx_word' id='word_1_151' title='bbox 562 2189 708 2249; x_wconf 85' lang='lat' dir='ltr'><strong>Vaticano</strong></span> <span class='ocrx_word' id='word_1_152' title='bbox 725 2190 805 2249; x_wconf 86' lang='grc'><strong>0039</strong></span> <span class='ocrx_word' id='word_1_153' title='bbox 828 2209 857 2266; x_wconf 90' lang='lat' dir='ltr'><strong>p.</strong></span> <span class='ocrx_word' id='word_1_154' title='bbox 875 2189 945 2250; x_wconf 75' lang='lat'><strong>242.</strong></span> <span class='ocrx_word' id='word_1_155' title='bbox 961 2191 1136 2251; x_wconf 77' lang='lat' dir='ltr'><strong>sos-328.</strong></span> <span class='ocrx_word' id='word_1_156' title='bbox 1153 2191 1213 2250; x_wconf 86' lang='grc'><strong>369</strong></span> <span class='ocrx_word' id='word_1_157' title='bbox 1237 2191 1280 2248; x_wconf 87' lang='lat' dir='ltr'><strong>sic</strong></span> <span class='ocrx_word' id='word_1_158' title='bbox 1301 2190 1446 2267; x_wconf 88' lang='lat' dir='ltr'><strong>inscripta</strong></span> <span class='ocrx_word' id='word_1_159' title='bbox 1466 2187 1513 2249; x_wconf 86' lang='lat' dir='ltr'><strong>‘ex</strong></span> <span class='ocrx_word' id='word_1_160' title='bbox 1532 2189 1611 2248; x_wconf 90' lang='lat' dir='ltr'><strong>libro</strong></span> <span class='ocrx_word' id='word_1_161' title='bbox 1624 2190 1677 2265; x_wconf 87' lang='lat' dir='ltr'><strong>epi-</strong></span> 
     </span>
     <span class='ocr_line' id='line_1_17' title="bbox 350 2290 1678 2369; baseline 0 -21"><span class='ocrx_word' id='word_1_162' title='bbox 350 2299 548 2366; x_wconf 87' lang='lat' dir='ltr'><strong>grammatum</strong></span> <span class='ocrx_word' id='word_1_163' title='bbox 576 2311 666 2350; x_wconf 90' lang='lat' dir='ltr'><strong>mann</strong></span> <span class='ocrx_word' id='word_1_164' title='bbox 693 2292 871 2368; x_wconf 88' lang='lat' dir='ltr'><strong>scriptorum</strong></span> <span class='ocrx_word' id='word_1_165' title='bbox 900 2311 1003 2352; x_wconf 90' lang='lat' dir='ltr'><strong>recens</strong></span> <span class='ocrx_word' id='word_1_166' title='bbox 1024 2292 1184 2352; x_wconf 87' lang='lat' dir='ltr'><strong>cardinalis</strong></span> <span class='ocrx_word' id='word_1_167' title='bbox 1207 2290 1397 2369; x_wconf 83' lang='lat' dir='ltr'><strong>Ourpensis&#39;:</strong></span> <span class='ocrx_word' id='word_1_168' title='bbox 1427 2310 1503 2367; x_wconf 87' lang='lat' dir='ltr'><strong>quae</strong></span> <span class='ocrx_word' id='word_1_169' title='bbox 1525 2310 1594 2351; x_wconf 88' lang='lat' dir='ltr'><strong>cum</strong></span> <span class='ocrx_word' id='word_1_170' title='bbox 1615 2290 1678 2349; x_wconf 89' lang='lat' dir='ltr'><strong>olim</strong></span> 
     </span>
     <span class='ocr_line' id='line_1_18' title="bbox 351 2391 1678 2472; baseline 0 -23"><span class='ocrx_word' id='word_1_171' title='bbox 351 2392 569 2468; x_wconf 87' lang='lat' dir='ltr'><strong>perlustrabam</strong></span> <span class='ocrx_word' id='word_1_172' title='bbox 590 2392 720 2450; x_wconf 85' lang='lat' dir='ltr'><strong>iudicavi</strong></span> <span class='ocrx_word' id='word_1_173' title='bbox 742 2401 887 2468; x_wconf 89' lang='lat' dir='ltr'><strong>excerpta</strong></span> <span class='ocrx_word' id='word_1_174' title='bbox 907 2412 975 2452; x_wconf 87' lang='lat' dir='ltr'><strong>esse</strong></span> <span class='ocrx_word' id='word_1_175' title='bbox 997 2413 1036 2453; x_wconf 89' lang='lat' dir='ltr'><strong>ex</strong></span> <span class='ocrx_word' id='word_1_176' title='bbox 1057 2392 1223 2472; x_wconf 87' lang='lat' dir='ltr'><strong>exemplari</strong></span> <span class='ocrx_word' id='word_1_177' title='bbox 1245 2393 1346 2469; x_wconf 91' lang='lat' dir='ltr'><strong>aliquo</strong></span> <span class='ocrx_word' id='word_1_178' title='bbox 1370 2411 1562 2469; x_wconf 90' lang='lat' dir='ltr'><strong>nequaqnam</strong></span> <span class='ocrx_word' id='word_1_179' title='bbox 1577 2391 1678 2452; x_wconf 87' lang='lat' dir='ltr'><strong>eximio</strong></span> 
     </span>
     <span class='ocr_line' id='line_1_19' title="bbox 351 2493 1679 2572; baseline 0 -24"><span class='ocrx_word' id='word_1_180' title='bbox 351 2494 487 2568; x_wconf 90' lang='lat' dir='ltr'><strong>corporis</strong></span> <span class='ocrx_word' id='word_1_181' title='bbox 514 2493 704 2552; x_wconf 88' lang='lat' dir='ltr'><strong>Iucundiani.</strong></span> <span class='ocrx_word' id='word_1_182' title='bbox 747 2493 844 2551; x_wconf 91' lang='lat' dir='ltr'><strong>Velim</strong></span> <span class='ocrx_word' id='word_1_183' title='bbox 875 2501 974 2554; x_wconf 87' lang='lat' dir='ltr'><strong>tnmen</strong></span> <span class='ocrx_word' id='word_1_184' title='bbox 1004 2495 1172 2555; x_wconf 89' lang='lat' dir='ltr'><strong>accuratius</strong></span> <span class='ocrx_word' id='word_1_185' title='bbox 1200 2493 1422 2565; x_wconf 84' lang='lat' dir='ltr'><strong>examinentur,</strong></span> <span class='ocrx_word' id='word_1_186' title='bbox 1450 2511 1511 2551; x_wconf 92' lang='lat' dir='ltr'><strong>non</strong></span> <span class='ocrx_word' id='word_1_187' title='bbox 1549 2513 1608 2571; x_wconf 90' lang='lat' dir='ltr'><strong>quo</strong></span> <span class='ocrx_word' id='word_1_188' title='bbox 1633 2511 1679 2572; x_wconf 88' lang='lat' dir='ltr'><strong>per</strong></span> 
     </span>
    </p>
   </div>
   <div class='ocr_carea' id='block_1_7' title="bbox 313 2591 1772 2675">
    <p class='ocr_par' dir='ltr' id='par_1_7' title="bbox 313 2591 1772 2675">
     <span class='ocr_line' id='line_1_20' title="bbox 313 2591 1772 2675; baseline 0.002 -27"><span class='ocrx_word' id='word_1_189' title='bbox 313 2591 322 2598; x_wconf 81' lang='grc'><strong><em>’</em></strong></span> <span class='ocrx_word' id='word_1_190' title='bbox 353 2609 385 2649; x_wconf 88' lang='lat' dir='ltr'><strong>se</strong></span> <span class='ocrx_word' id='word_1_191' title='bbox 414 2592 572 2652; x_wconf 87' lang='lat' dir='ltr'><strong>utilitatem</strong></span> <span class='ocrx_word' id='word_1_192' title='bbox 599 2594 742 2664; x_wconf 88' lang='lat' dir='ltr'><strong>habeant,</strong></span> <span class='ocrx_word' id='word_1_193' title='bbox 772 2595 826 2653; x_wconf 87' lang='lat' dir='ltr'><strong>sed</strong></span> <span class='ocrx_word' id='word_1_194' title='bbox 850 2602 884 2653; x_wconf 93' lang='lat' dir='ltr'><strong>ut</strong></span> <span class='ocrx_word' id='word_1_195' title='bbox 909 2595 1102 2675; x_wconf 85' lang='lat' dir='ltr'><strong>intellegatur</strong></span> <span class='ocrx_word' id='word_1_196' title='bbox 1127 2594 1346 2656; x_wconf 85' lang='lat' dir='ltr'><strong>Gutenstenius</strong></span> <span class='ocrx_word' id='word_1_197' title='bbox 1377 2595 1449 2673; x_wconf 91' lang='lat' dir='ltr'><strong>quid</strong></span> <span class='ocrx_word' id='word_1_198' title='bbox 1475 2595 1546 2654; x_wconf 88' lang='lat' dir='ltr'><strong>inde</strong></span> <span class='ocrx_word' id='word_1_199' title='bbox 1571 2595 1678 2654; x_wconf 89' lang='lat' dir='ltr'><strong>trahere</strong></span> <span class='ocrx_word' id='word_1_200' title='bbox 1771 2593 1772 2628; x_wconf 65' lang='lat'>³</span> 
     </span>
    </p>
   </div>
   <div class='ocr_carea' id='block_1_8' title="bbox 353 2693 1679 2774">
    <p class='ocr_par' dir='ltr' id='par_1_8' title="bbox 353 2693 1679 2774">
     <span class='ocr_line' id='line_1_21' title="bbox 353 2693 1679 2774; baseline 0.002 -26"><span class='ocrx_word' id='word_1_201' title='bbox 353 2693 492 2768; x_wconf 89' lang='lat' dir='ltr'><strong>potuerit.</strong></span> <span class='ocrx_word' id='word_1_202' title='bbox 535 2693 699 2753; x_wconf 84' lang='lat' dir='ltr'><strong>Praeterea</strong></span> <span class='ocrx_word' id='word_1_203' title='bbox 725 2713 835 2774; x_wconf 89' lang='lat' dir='ltr'><strong>corpus</strong></span> <span class='ocrx_word' id='word_1_204' title='bbox 858 2696 1086 2756; x_wconf 83' lang='lat' dir='ltr'><strong>Manochianum</strong></span> <span class='ocrx_word' id='word_1_205' title='bbox 1108 2696 1281 2757; x_wconf 80' lang='lat' dir='ltr'><strong>adnotatum</strong></span> <span class='ocrx_word' id='word_1_206' title='bbox 1305 2716 1323 2755; x_wconf 91' lang='lat' dir='ltr'><strong>a</strong></span> <span class='ocrx_word' id='word_1_207' title='bbox 1344 2697 1466 2756; x_wconf 86' lang='lat' dir='ltr'><strong>Metello</strong></span> <span class='ocrx_word' id='word_1_208' title='bbox 1493 2714 1530 2756; x_wconf 91' lang='lat' dir='ltr'><strong>eo</strong></span> <span class='ocrx_word' id='word_1_209' title='bbox 1557 2705 1679 2772; x_wconf 88' lang='lat' dir='ltr'><strong>tempore</strong></span> 
     </span>
    </p>
   </div>
   <div class='ocr_carea' id='block_1_9' title="bbox 355 2793 1772 2876">
    <p class='ocr_par' dir='ltr' id='par_1_9' title="bbox 355 2793 1772 2876">
     <span class='ocr_line' id='line_1_22' title="bbox 355 2793 1772 2876; baseline 0.002 -24"><span class='ocrx_word' id='word_1_210' title='bbox 355 2802 506 2852; x_wconf 78' lang='lat' dir='ltr'><strong>servatum</strong></span> <span class='ocrx_word' id='word_1_211' title='bbox 528 2795 608 2870; x_wconf 86' lang='lat' dir='ltr'><strong>apud</strong></span> <span class='ocrx_word' id='word_1_212' title='bbox 623 2795 782 2855; x_wconf 87' lang='lat' dir='ltr'><strong>Horatium</strong></span> <span class='ocrx_word' id='word_1_213' title='bbox 805 2816 824 2855; x_wconf 94' lang='lat' dir='ltr'><strong>a</strong></span> <span class='ocrx_word' id='word_1_214' title='bbox 838 2798 935 2868; x_wconf 84' lang='lat' dir='ltr'><strong>Valle,</strong></span> <span class='ocrx_word' id='word_1_215' title='bbox 957 2817 1045 2875; x_wconf 90' lang='lat' dir='ltr'><strong>quem</strong></span> <span class='ocrx_word' id='word_1_216' title='bbox 1067 2799 1097 2858; x_wconf 93' lang='lat' dir='ltr'><strong>id</strong></span> <span class='ocrx_word' id='word_1_217' title='bbox 1117 2796 1158 2857; x_wconf 86' lang='lat' dir='ltr'><strong>‘ut</strong></span> <span class='ocrx_word' id='word_1_218' title='bbox 1179 2808 1209 2858; x_wconf 86' lang='lat' dir='ltr'><strong>et</strong></span> <span class='ocrx_word' id='word_1_219' title='bbox 1229 2793 1298 2857; x_wconf 86' lang='lat' dir='ltr'><strong>nlia’</strong></span> <span class='ocrx_word' id='word_1_220' title='bbox 1318 2797 1517 2858; x_wconf 85' lang='lat' dir='ltr'><strong>Gutenstenio</strong></span> <span class='ocrx_word' id='word_1_221' title='bbox 1541 2798 1679 2858; x_wconf 82' lang='lat' dir='ltr'><strong>obtulisse</strong></span> <span class='ocrx_word' id='word_1_222' title='bbox 1771 2805 1772 2876; x_wconf 65' lang='lat' dir='ltr'><strong>l</strong></span> 
     </span>
    </p>
   </div>
   <div class='ocr_carea' id='block_1_10' title="bbox 354 2892 1680 5000">
    <p class='ocr_par' dir='ltr' id='par_1_10' title="bbox 354 2892 1680 5000">
     <span class='ocr_line' id='line_1_23' title="bbox 355 2892 1679 2977; baseline 0.002 -24"><span class='ocrx_word' id='word_1_223' title='bbox 355 2892 503 2954; x_wconf 83' lang='lat' dir='ltr'><strong>Gruterus</strong></span> <span class='ocrx_word' id='word_1_224' title='bbox 529 2896 644 2968; x_wconf 89' lang='lat' dir='ltr'><strong>scribit,</strong></span> <span class='ocrx_word' id='word_1_225' title='bbox 667 2897 731 2956; x_wconf 90' lang='lat' dir='ltr'><strong>sine</strong></span> <span class='ocrx_word' id='word_1_226' title='bbox 753 2898 845 2958; x_wconf 90' lang='lat' dir='ltr'><strong>dubio</strong></span> <span class='ocrx_word' id='word_1_227' title='bbox 867 2899 898 2957; x_wconf 91' lang='lat' dir='ltr'><strong>id</strong></span> <span class='ocrx_word' id='word_1_228' title='bbox 919 2900 1018 2976; x_wconf 90' lang='lat' dir='ltr'><strong>ipsum</strong></span> <span class='ocrx_word' id='word_1_229' title='bbox 1041 2909 1103 2973; x_wconf 87' lang='lat' dir='ltr'><strong>est,</strong></span> <span class='ocrx_word' id='word_1_230' title='bbox 1125 2900 1206 2977; x_wconf 91' lang='lat' dir='ltr'><strong>quod</strong></span> <span class='ocrx_word' id='word_1_231' title='bbox 1228 2899 1317 2960; x_wconf 89' lang='lat' dir='ltr'><strong>hodie</strong></span> <span class='ocrx_word' id='word_1_232' title='bbox 1338 2900 1450 2976; x_wconf 89' lang='lat' dir='ltr'><strong>pariter</strong></span> <span class='ocrx_word' id='word_1_233' title='bbox 1469 2901 1636 2960; x_wconf 89' lang='lat' dir='ltr'><strong>custoditur</strong></span> <span class='ocrx_word' id='word_1_234' title='bbox 1653 2899 1679 2956; x_wconf 94' lang='lat' dir='ltr'><strong>in</strong></span> 
     </span>
     <span class='ocr_line' id='line_1_24' title="bbox 355 2983 1679 3079; baseline 0.003 -26"><span class='ocrx_word' id='word_1_235' title='bbox 355 2995 458 3054; x_wconf 85' lang='lat' dir='ltr'><strong>eadem</strong></span> <span class='ocrx_word' id='word_1_236' title='bbox 484 2997 667 3057; x_wconf 87' lang='lat' dir='ltr'><strong>bibliotheca</strong></span> <span class='ocrx_word' id='word_1_237' title='bbox 688 2997 836 3058; x_wconf 78' lang='lat' dir='ltr'><strong>Vaticana</strong></span> <span class='ocrx_word' id='word_1_238' title='bbox 865 2999 945 3076; x_wconf 87' lang='lat' dir='ltr'><strong>(eod.</strong></span> <span class='ocrx_word' id='word_1_239' title='bbox 968 2983 1075 3078; x_wconf 83' lang='lat'><strong>8495),</strong></span> <span class='ocrx_word' id='word_1_240' title='bbox 1105 3001 1155 3061; x_wconf 89' lang='lat' dir='ltr'><strong>ubi</strong></span> <span class='ocrx_word' id='word_1_241' title='bbox 1182 3003 1248 3079; x_wconf 88' lang='lat' dir='ltr'><strong>ipse</strong></span> <span class='ocrx_word' id='word_1_242' title='bbox 1271 3002 1410 3060; x_wconf 86' lang='lat' dir='ltr'><strong>Metellus</strong></span> <span class='ocrx_word' id='word_1_243' title='bbox 1437 3001 1468 3060; x_wconf 93' lang='lat' dir='ltr'><strong>in</strong></span> <span class='ocrx_word' id='word_1_244' title='bbox 1496 3002 1679 3061; x_wconf 87' lang='lat' dir='ltr'><strong>adnotatione</strong></span> 
     </span>
     <span class='ocr_line' id='line_1_25' title="bbox 355 3096 1678 3180; baseline 0.005 -28"><span class='ocrx_word' id='word_1_245' title='bbox 355 3096 394 3153; x_wconf 87' lang='lat' dir='ltr'><strong>nd</strong></span> <span class='ocrx_word' id='word_1_246' title='bbox 416 3098 632 3173; x_wconf 81' lang='lat' dir='ltr'><strong>praefationem</strong></span> <span class='ocrx_word' id='word_1_247' title='bbox 654 3097 803 3177; x_wconf 83' lang='lat' dir='ltr'><strong>adieotu¹)</strong></span> <span class='ocrx_word' id='word_1_248' title='bbox 826 3109 888 3160; x_wconf 90' lang='lat' dir='ltr'><strong>tam</strong></span> <span class='ocrx_word' id='word_1_249' title='bbox 910 3102 1037 3162; x_wconf 90' lang='lat' dir='ltr'><strong>Iucundi</strong></span> <span class='ocrx_word' id='word_1_250' title='bbox 1059 3103 1192 3162; x_wconf 88' lang='lat' dir='ltr'><strong>meminit</strong></span> <span class='ocrx_word' id='word_1_251' title='bbox 1213 3121 1304 3178; x_wconf 83' lang='lat' dir='ltr'><strong>quam</strong></span> <span class='ocrx_word' id='word_1_252' title='bbox 1326 3103 1395 3161; x_wconf 89' lang='lat' dir='ltr'><strong>libri</strong></span> <span class='ocrx_word' id='word_1_253' title='bbox 1416 3102 1499 3162; x_wconf 87' lang='lat' dir='ltr'><strong>illius</strong></span> <span class='ocrx_word' id='word_1_254' title='bbox 1513 3101 1678 3180; x_wconf 83' lang='lat' dir='ltr'><strong>Oarpcusis.</strong></span> 
     </span>
     <span class='ocr_line' id='line_1_26' title="bbox 354 3197 1678 3283; baseline 0.004 -28"><span class='ocrx_word' id='word_1_255' title='bbox 354 3197 420 3256; x_wconf 84' lang='lat' dir='ltr'><strong>Iam</strong></span> <span class='ocrx_word' id='word_1_256' title='bbox 448 3199 538 3276; x_wconf 84' lang='lat' dir='ltr'><strong>igitur</strong></span> <span class='ocrx_word' id='word_1_257' title='bbox 565 3218 631 3258; x_wconf 88' lang='lat' dir='ltr'><strong>cum</strong></span> <span class='ocrx_word' id='word_1_258' title='bbox 660 3201 833 3260; x_wconf 87' lang='lat' dir='ltr'><strong>Metelliana</strong></span> <span class='ocrx_word' id='word_1_259' title='bbox 858 3221 895 3260; x_wconf 86' lang='lat' dir='ltr'><strong>ea</strong></span> <span class='ocrx_word' id='word_1_260' title='bbox 920 3221 996 3279; x_wconf 88' lang='lat' dir='ltr'><strong>quae</strong></span> <span class='ocrx_word' id='word_1_261' title='bbox 1022 3204 1103 3283; x_wconf 90' lang='lat' dir='ltr'><strong>apud</strong></span> <span class='ocrx_word' id='word_1_262' title='bbox 1128 3203 1288 3262; x_wconf 88' lang='lat' dir='ltr'><strong>Horatium</strong></span> <span class='ocrx_word' id='word_1_263' title='bbox 1316 3223 1335 3261; x_wconf 90' lang='lat' dir='ltr'><strong>a</strong></span> <span class='ocrx_word' id='word_1_264' title='bbox 1355 3204 1444 3268; x_wconf 87' lang='lat' dir='ltr'><strong>Valle</strong></span> <span class='ocrx_word' id='word_1_265' title='bbox 1471 3203 1678 3264; x_wconf 85' lang='lat' dir='ltr'><strong>Gntcnstenius</strong></span> 
     </span>
     <span class='ocr_line' id='line_1_27' title="bbox 355 3299 1679 3382; baseline 0.007 -27"><span class='ocrx_word' id='word_1_266' title='bbox 355 3299 431 3359; x_wconf 91' lang='lat' dir='ltr'><strong>vidit</strong></span> <span class='ocrx_word' id='word_1_267' title='bbox 457 3301 554 3360; x_wconf 88' lang='lat' dir='ltr'><strong>adhuc</strong></span> <span class='ocrx_word' id='word_1_268' title='bbox 583 3303 735 3378; x_wconf 89' lang='lat' dir='ltr'><strong>supersint</strong></span> <span class='ocrx_word' id='word_1_269' title='bbox 761 3302 794 3361; x_wconf 92' lang='lat' dir='ltr'><strong>in</strong></span> <span class='ocrx_word' id='word_1_270' title='bbox 821 3302 984 3375; x_wconf 88' lang='lat' dir='ltr'><strong>Vaticana,</strong></span> <span class='ocrx_word' id='word_1_271' title='bbox 1016 3324 1057 3364; x_wconf 84' lang='lat' dir='ltr'><strong>ex</strong></span> <span class='ocrx_word' id='word_1_272' title='bbox 1084 3305 1132 3364; x_wconf 93' lang='lat' dir='ltr'><strong>his</strong></span> <span class='ocrx_word' id='word_1_273' title='bbox 1158 3322 1236 3381; x_wconf 89' lang='lat' dir='ltr'><strong>quae</strong></span> <span class='ocrx_word' id='word_1_274' title='bbox 1265 3303 1396 3364; x_wconf 88' lang='lat' dir='ltr'><strong>Grutero</strong></span> <span class='ocrx_word' id='word_1_275' title='bbox 1423 3307 1540 3365; x_wconf 90' lang='lat' dir='ltr'><strong>rettulit</strong></span> <span class='ocrx_word' id='word_1_276' title='bbox 1570 3306 1679 3382; x_wconf 83' lang='lat' dir='ltr'><strong>exigere</strong></span> 
     </span>
     <span class='ocr_line' id='line_1_28' title="bbox 354 3403 1678 3484; baseline 0.002 -25"><span class='ocrx_word' id='word_1_277' title='bbox 354 3419 514 3478; x_wconf 89' lang='lat' dir='ltr'><strong>possumus</strong></span> <span class='ocrx_word' id='word_1_278' title='bbox 537 3403 576 3462; x_wconf 93' lang='lat' dir='ltr'><strong>ad</strong></span> <span class='ocrx_word' id='word_1_279' title='bbox 597 3403 681 3480; x_wconf 86' lang='lat' dir='ltr'><strong>ipsas</strong></span> <span class='ocrx_word' id='word_1_280' title='bbox 704 3405 839 3465; x_wconf 88' lang='lat' dir='ltr'><strong>schedas.</strong></span> <span class='ocrx_word' id='word_1_281' title='bbox 883 3406 958 3464; x_wconf 93' lang='lat' dir='ltr'><strong>Mihi</strong></span> <span class='ocrx_word' id='word_1_282' title='bbox 980 3425 1047 3464; x_wconf 89' lang='lat' dir='ltr'><strong>cum</strong></span> <span class='ocrx_word' id='word_1_283' title='bbox 1069 3405 1267 3483; x_wconf 81' lang='lat' dir='ltr'><strong>Carpeusium</strong></span> <span class='ocrx_word' id='word_1_284' title='bbox 1289 3417 1498 3483; x_wconf 86' lang='lat' dir='ltr'><strong>excerptorum</strong></span> <span class='ocrx_word' id='word_1_285' title='bbox 1518 3407 1678 3484; x_wconf 89' lang='lat' dir='ltr'><strong>exemplum</strong></span> 
     </span>
     <span class='ocr_line' id='line_1_29' title="bbox 355 3505 1679 3588; baseline 0.004 -29"><span class='ocrx_word' id='word_1_286' title='bbox 355 3511 475 3580; x_wconf 87' lang='lat' dir='ltr'><strong>praesto</strong></span> <span class='ocrx_word' id='word_1_287' title='bbox 490 3521 551 3562; x_wconf 90' lang='lat' dir='ltr'><strong>uon</strong></span> <span class='ocrx_word' id='word_1_288' title='bbox 566 3505 615 3576; x_wconf 90' lang='lat' dir='ltr'><strong>sit,</strong></span> <span class='ocrx_word' id='word_1_289' title='bbox 626 3505 865 3566; x_wconf 87' lang='lat' dir='ltr'><strong>Metellianarum</strong></span> <span class='ocrx_word' id='word_1_290' title='bbox 879 3516 978 3567; x_wconf 83' lang='lat' dir='ltr'><strong>autem</strong></span> <span class='ocrx_word' id='word_1_291' title='bbox 994 3506 1032 3565; x_wconf 87' lang='lat' dir='ltr'><strong>ad</strong></span> <span class='ocrx_word' id='word_1_292' title='bbox 1042 3508 1231 3588; x_wconf 74' lang='lat' dir='ltr'><strong>Mauochium</strong></span> <span class='ocrx_word' id='word_1_293' title='bbox 1247 3507 1473 3566; x_wconf 88' lang='lat' dir='ltr'><strong>adnotationum</strong></span> <span class='ocrx_word' id='word_1_294' title='bbox 1488 3509 1598 3568; x_wconf 88' lang='lat' dir='ltr'><strong>notitia</strong></span> <span class='ocrx_word' id='word_1_295' title='bbox 1611 3523 1679 3583; x_wconf 80' lang='lat' dir='ltr'><strong>quae</strong></span> 
     </span>
     <span class='ocr_line' id='line_1_30' title="bbox 357 3603 1679 3684; baseline 0.004 -23"><span class='ocrx_word' id='word_1_296' title='bbox 357 3603 487 3662; x_wconf 84' lang='lat' dir='ltr'><strong>sufficiat</strong></span> <span class='ocrx_word' id='word_1_297' title='bbox 502 3612 653 3681; x_wconf 85' lang='lat' dir='ltr'><strong>suppetat,</strong></span> <span class='ocrx_word' id='word_1_298' title='bbox 668 3607 787 3667; x_wconf 90' lang='lat' dir='ltr'><strong>interim</strong></span> <span class='ocrx_word' id='word_1_299' title='bbox 802 3609 1037 3684; x_wconf 87' lang='lat' dir='ltr'><strong>experimentum</strong></span> <span class='ocrx_word' id='word_1_300' title='bbox 1052 3610 1150 3667; x_wconf 81' lang='lat' dir='ltr'><strong>fecere</strong></span> <span class='ocrx_word' id='word_1_301' title='bbox 1162 3609 1253 3680; x_wconf 87' lang='lat' dir='ltr'><strong>volui,</strong></span> <span class='ocrx_word' id='word_1_302' title='bbox 1268 3609 1347 3668; x_wconf 89' lang='lat' dir='ltr'><strong>iuter</strong></span> <span class='ocrx_word' id='word_1_303' title='bbox 1358 3607 1596 3668; x_wconf 88' lang='lat' dir='ltr'><strong>Gutensteniana</strong></span> <span class='ocrx_word' id='word_1_304' title='bbox 1607 3607 1679 3668; x_wconf 86' lang='lat' dir='ltr'><strong>Gru·</strong></span> 
     </span>
     <span class='ocr_line' id='line_1_31' title="bbox 357 3704 1678 3786; baseline 0.004 -25"><span class='ocrx_word' id='word_1_305' title='bbox 357 3704 413 3762; x_wconf 89' lang='lat' dir='ltr'><strong>teri</strong></span> <span class='ocrx_word' id='word_1_306' title='bbox 441 3713 471 3762; x_wconf 87' lang='lat' dir='ltr'><strong>et</strong></span> <span class='ocrx_word' id='word_1_307' title='bbox 492 3704 720 3768; x_wconf 82' lang='lat' dir='ltr'><strong>anochianum</strong></span> <span class='ocrx_word' id='word_1_308' title='bbox 743 3727 852 3785; x_wconf 90' lang='lat' dir='ltr'><strong>corpus</strong></span> <span class='ocrx_word' id='word_1_309' title='bbox 873 3729 892 3768; x_wconf 94' lang='lat' dir='ltr'><strong>a</strong></span> <span class='ocrx_word' id='word_1_310' title='bbox 909 3709 1033 3768; x_wconf 90' lang='lat' dir='ltr'><strong>Metello</strong></span> <span class='ocrx_word' id='word_1_311' title='bbox 1054 3709 1228 3768; x_wconf 87' lang='lat' dir='ltr'><strong>adnotatum</strong></span> <span class='ocrx_word' id='word_1_312' title='bbox 1250 3728 1397 3786; x_wconf 85' lang='lat' dir='ltr'><strong>quaenam</strong></span> <span class='ocrx_word' id='word_1_313' title='bbox 1419 3709 1495 3767; x_wconf 88' lang='lat' dir='ltr'><strong>ratio</strong></span> <span class='ocrx_word' id='word_1_314' title='bbox 1515 3708 1678 3778; x_wconf 84' lang='lat' dir='ltr'><strong>intercedat,</strong></span> 
     </span>
     <span class='ocr_line' id='line_1_32' title="bbox 357 3804 1679 3887; baseline 0.002 -25"><span class='ocrx_word' id='word_1_315' title='bbox 357 3811 387 3862; x_wconf 89' lang='lat' dir='ltr'><strong>et</strong></span> <span class='ocrx_word' id='word_1_316' title='bbox 407 3804 457 3862; x_wconf 86' lang='lat' dir='ltr'><strong>vel</strong></span> <span class='ocrx_word' id='word_1_317' title='bbox 480 3806 525 3864; x_wconf 88' lang='lat' dir='ltr'><strong>sic</strong></span> <span class='ocrx_word' id='word_1_318' title='bbox 546 3807 726 3883; x_wconf 89' lang='lat' dir='ltr'><strong>deprehendi</strong></span> <span class='ocrx_word' id='word_1_319' title='bbox 748 3809 801 3868; x_wconf 88' lang='lat' dir='ltr'><strong>illa</strong></span> <span class='ocrx_word' id='word_1_320' title='bbox 823 3829 861 3868; x_wconf 85' lang='lat' dir='ltr'><strong>ex</strong></span> <span class='ocrx_word' id='word_1_321' title='bbox 881 3810 941 3870; x_wconf 88' lang='lat' dir='ltr'><strong>hoc</strong></span> <span class='ocrx_word' id='word_1_322' title='bbox 960 3809 1108 3887; x_wconf 86' lang='lat' dir='ltr'><strong>proficisci</strong></span> <span class='ocrx_word' id='word_1_323' title='bbox 1128 3810 1236 3881; x_wconf 80' lang='lat' dir='ltr'><strong>videri,</strong></span> <span class='ocrx_word' id='word_1_324' title='bbox 1259 3811 1313 3870; x_wconf 88' lang='lat' dir='ltr'><strong>sed</strong></span> <span class='ocrx_word' id='word_1_325' title='bbox 1335 3817 1368 3870; x_wconf 87' lang='lat' dir='ltr'><strong>ut</strong></span> <span class='ocrx_word' id='word_1_326' title='bbox 1387 3809 1579 3886; x_wconf 85' lang='lat' dir='ltr'><strong>interpolatio</strong></span> <span class='ocrx_word' id='word_1_327' title='bbox 1599 3807 1679 3870; x_wconf 91' lang='lat' dir='ltr'><strong>simul</strong></span> 
     </span>
     <span class='ocr_line' id='line_1_33' title="bbox 357 3905 1680 3989; baseline 0.003 -26"><span class='ocrx_word' id='word_1_328' title='bbox 357 3905 417 3964; x_wconf 81' lang='lat' dir='ltr'><strong>late</strong></span> <span class='ocrx_word' id='word_1_329' title='bbox 440 3917 578 3982; x_wconf 82' lang='lat' dir='ltr'><strong>grassata</strong></span> <span class='ocrx_word' id='word_1_330' title='bbox 599 3927 667 3969; x_wconf 87' lang='lat' dir='ltr'><strong>csse</strong></span> <span class='ocrx_word' id='word_1_331' title='bbox 688 3910 865 3970; x_wconf 79' lang='lat' dir='ltr'><strong>inveniatur.</strong></span> <span class='ocrx_word' id='word_1_332' title='bbox 901 3911 1043 3987; x_wconf 83' lang='lat' dir='ltr'><strong>Exempli</strong></span> <span class='ocrx_word' id='word_1_333' title='bbox 1065 3929 1157 3971; x_wconf 81' lang='lat' dir='ltr'><strong>causo</strong></span> <span class='ocrx_word' id='word_1_334' title='bbox 1178 3911 1332 3970; x_wconf 89' lang='lat' dir='ltr'><strong>titulorum</strong></span> <span class='ocrx_word' id='word_1_335' title='bbox 1354 3911 1418 3972; x_wconf 83' lang='lat' dir='ltr'><strong>eius</strong></span> <span class='ocrx_word' id='word_1_336' title='bbox 1439 3912 1559 3989; x_wconf 89' lang='lat' dir='ltr'><strong>generis</strong></span> <span class='ocrx_word' id='word_1_337' title='bbox 1580 3931 1633 3972; x_wconf 87' lang='lat' dir='ltr'><strong>sex</strong></span> <span class='ocrx_word' id='word_1_338' title='bbox 1651 3910 1680 3968; x_wconf 90' lang='lat' dir='ltr'><strong>iu</strong></span> 
     </span>
     <span class='ocr_line' id='line_1_34' title="bbox 358 4007 1560 4090; baseline 0.007 -27"><span class='ocrx_word' id='word_1_339' title='bbox 358 4007 541 4067; x_wconf 88' lang='lat' dir='ltr'><strong>urbanorum</strong></span> <span class='ocrx_word' id='word_1_340' title='bbox 562 4017 647 4084; x_wconf 79' lang='lat' dir='ltr'><strong>parte</strong></span> <span class='ocrx_word' id='word_1_341' title='bbox 668 4011 765 4070; x_wconf 85' lang='lat' dir='ltr'><strong>adhuc</strong></span> <span class='ocrx_word' id='word_1_342' title='bbox 787 4012 867 4089; x_wconf 84' lang='lat' dir='ltr'><strong>typis</strong></span> <span class='ocrx_word' id='word_1_343' title='bbox 887 4013 1034 4089; x_wconf 88' lang='lat' dir='ltr'><strong>impressa</strong></span> <span class='ocrx_word' id='word_1_344' title='bbox 1056 4032 1075 4071; x_wconf 91' lang='lat' dir='ltr'><strong>a</strong></span> <span class='ocrx_word' id='word_1_345' title='bbox 1095 4032 1143 4071; x_wconf 91' lang='lat' dir='ltr'><strong>me</strong></span> <span class='ocrx_word' id='word_1_346' title='bbox 1164 4013 1418 4090; x_wconf 90' lang='lat' dir='ltr'><strong>deprehensorum</strong></span> <span class='ocrx_word' id='word_1_347' title='bbox 1438 4014 1560 4072; x_wconf 83' lang='lat' dir='ltr'><strong>horum:</strong></span> 
     </span>
     <span class='ocr_line' id='line_1_35' title="bbox 399 4107 1601 4187; baseline 0.005 -19"><span class='ocrx_word' id='word_1_348' title='bbox 399 4109 454 4181; x_wconf 87' lang='lat' dir='ltr'><strong>VI,</strong></span> <span class='ocrx_word' id='word_1_349' title='bbox 485 4107 524 4169; x_wconf 86' lang='grc'><strong>89</strong></span> <span class='ocrx_word' id='word_1_350' title='bbox 547 4136 584 4161; x_wconf 88' lang='grc'><strong>.--</strong></span> <span class='ocrx_word' id='word_1_351' title='bbox 600 4111 679 4170; x_wconf 79' lang='lat' dir='ltr'><strong>Mar.</strong></span> <span class='ocrx_word' id='word_1_352' title='bbox 692 4112 730 4170; x_wconf 88' lang='grc'><strong>33</strong></span> <span class='ocrx_word' id='word_1_353' title='bbox 755 4139 792 4162; x_wconf 93' lang='lat'><em>=</em></span> <span class='ocrx_word' id='word_1_354' title='bbox 806 4111 894 4173; x_wconf 85' lang='lat' dir='ltr'><strong>Grut.</strong></span> <span class='ocrx_word' id='word_1_355' title='bbox 913 4114 982 4187; x_wconf 91' lang='grc'><strong>100,</strong></span> <span class='ocrx_word' id='word_1_356' title='bbox 1006 4115 1023 4173; x_wconf 89' lang='grc'>6</span> <span class='ocrx_word' id='word_1_357' title='bbox 1044 4111 1069 4174; x_wconf 82' lang='lat' dir='ltr'><strong>‘e</strong></span> <span class='ocrx_word' id='word_1_358' title='bbox 1090 4115 1205 4174; x_wconf 88' lang='lat' dir='ltr'><strong>Metelli</strong></span> <span class='ocrx_word' id='word_1_359' title='bbox 1228 4113 1345 4174; x_wconf 89' lang='lat' dir='ltr'><strong>schedis</strong></span> <span class='ocrx_word' id='word_1_360' title='bbox 1366 4110 1601 4176; x_wconf 85' lang='lat' dir='ltr'><strong>Gutenstenius’.</strong></span> 
     </span>
     <span class='ocr_line' id='line_1_36' title="bbox 422 4209 1532 4290; baseline 0.004 -20"><span class='ocrx_word' id='word_1_361' title='bbox 422 4253 437 4284; x_wconf 88' lang='lat'>„</span> <span class='ocrx_word' id='word_1_362' title='bbox 464 4209 524 4271; x_wconf 75' lang='lat'><strong>234</strong></span> <span class='ocrx_word' id='word_1_363' title='bbox 548 4238 585 4264; x_wconf 92' lang='lat'>=</span> <span class='ocrx_word' id='word_1_364' title='bbox 632 4255 648 4288; x_wconf 88' lang='lat'>„</span> <span class='ocrx_word' id='word_1_365' title='bbox 693 4211 795 4272; x_wconf 77' lang='lat'><strong>23&#39;=</strong></span> <span class='ocrx_word' id='word_1_366' title='bbox 842 4257 857 4290; x_wconf 87' lang='lat'>„</span> <span class='ocrx_word' id='word_1_367' title='bbox 915 4215 984 4286; x_wconf 85' lang='lat'><strong>109,</strong></span> <span class='ocrx_word' id='word_1_368' title='bbox 1008 4216 1025 4274; x_wconf 90' lang='grc'><strong>3</strong></span> <span class='ocrx_word' id='word_1_369' title='bbox 1046 4211 1071 4273; x_wconf 85' lang='lat' dir='ltr'><strong>‘e</strong></span> <span class='ocrx_word' id='word_1_370' title='bbox 1093 4215 1251 4276; x_wconf 84' lang='lat' dir='ltr'><strong>Mazochio</strong></span> <span class='ocrx_word' id='word_1_371' title='bbox 1272 4225 1379 4276; x_wconf 83' lang='lat' dir='ltr'><strong>etms.</strong></span> <span class='ocrx_word' id='word_1_372' title='bbox 1401 4211 1532 4275; x_wconf 78' lang='lat' dir='ltr'><strong>Metelli.</strong></span> 
     </span>
     <span class='ocr_line' id='line_1_37' title="bbox 424 4311 1679 4390; baseline -0.001 -18"><span class='ocrx_word' id='word_1_373' title='bbox 424 4353 438 4386; x_wconf 87' lang='lat'>„</span> <span class='ocrx_word' id='word_1_374' title='bbox 463 4311 523 4372; x_wconf 78' lang='lat'><strong>562</strong></span> <span class='ocrx_word' id='word_1_375' title='bbox 548 4338 585 4366; x_wconf 60' lang='grc' dir='ltr'><strong>ε</strong></span> <span class='ocrx_word' id='word_1_376' title='bbox 633 4355 647 4388; x_wconf 88' lang='lat'>„</span> <span class='ocrx_word' id='word_1_377' title='bbox 692 4313 732 4381; x_wconf 76' lang='lat'><strong>26</strong></span> <span class='ocrx_word' id='word_1_378' title='bbox 756 4341 793 4366; x_wconf 91' lang='lat'>=</span> <span class='ocrx_word' id='word_1_379' title='bbox 841 4357 855 4390; x_wconf 88' lang='lat'>„</span> <span class='ocrx_word' id='word_1_380' title='bbox 913 4316 983 4388; x_wconf 89' lang='lat'><strong>101,</strong></span> <span class='ocrx_word' id='word_1_381' title='bbox 1008 4318 1020 4374; x_wconf 93' lang='lat' dir='ltr'><strong>l</strong></span> <span class='ocrx_word' id='word_1_382' title='bbox 1045 4312 1239 4376; x_wconf 85' lang='lat' dir='ltr'><strong>‘describebat</strong></span> <span class='ocrx_word' id='word_1_383' title='bbox 1258 4315 1398 4376; x_wconf 89' lang='lat' dir='ltr'><strong>Metellus</strong></span> <span class='ocrx_word' id='word_1_384' title='bbox 1420 4336 1437 4376; x_wconf 88' lang='lat' dir='ltr'><strong>e</strong></span> <span class='ocrx_word' id='word_1_385' title='bbox 1458 4317 1585 4376; x_wconf 89' lang='lat' dir='ltr'><strong>Iucundi</strong></span> <span class='ocrx_word' id='word_1_386' title='bbox 1605 4314 1679 4376; x_wconf 87' lang='lat' dir='ltr'><strong>schc-</strong></span> 
     </span>
     <span class='ocr_line' id='line_1_38' title="bbox 1124 4413 1357 4494; baseline 0.009 -20"><span class='ocrx_word' id='word_1_387' title='bbox 1124 4416 1172 4476; x_wconf 89' lang='lat' dir='ltr'><strong>dis</strong></span> <span class='ocrx_word' id='word_1_388' title='bbox 1193 4417 1244 4494; x_wconf 90' lang='lat' dir='ltr'><strong>qui</strong></span> <span class='ocrx_word' id='word_1_389' title='bbox 1265 4413 1357 4476; x_wconf 84' lang='lat' dir='ltr'><strong>vidit’.</strong></span> 
     </span>
     <span class='ocr_line' id='line_1_39' title="bbox 422 4513 1546 4594; baseline 0.004 -21"><span class='ocrx_word' id='word_1_390' title='bbox 422 4513 523 4588; x_wconf 80' lang='lat'><strong>,563</strong></span> <span class='ocrx_word' id='word_1_391' title='bbox 548 4541 585 4566; x_wconf 65' lang='grc' dir='ltr'><strong>τε</strong></span> <span class='ocrx_word' id='word_1_392' title='bbox 633 4558 648 4592; x_wconf 89' lang='grc'><strong>,</strong></span> <span class='ocrx_word' id='word_1_393' title='bbox 693 4516 732 4576; x_wconf 89' lang='grc'><strong>69</strong></span> <span class='ocrx_word' id='word_1_394' title='bbox 757 4543 794 4568; x_wconf 82' lang='lat'>=</span> <span class='ocrx_word' id='word_1_395' title='bbox 841 4560 856 4594; x_wconf 90' lang='grc'><strong>,,</strong></span> <span class='ocrx_word' id='word_1_396' title='bbox 912 4517 982 4588; x_wconf 72' lang='lat'><strong>246,</strong></span> <span class='ocrx_word' id='word_1_397' title='bbox 1005 4520 1024 4576; x_wconf 78' lang='lat'>4</span> <span class='ocrx_word' id='word_1_398' title='bbox 1045 4515 1271 4579; x_wconf 85' lang='lat' dir='ltr'><strong>‘Gutenstenius</strong></span> <span class='ocrx_word' id='word_1_399' title='bbox 1297 4537 1313 4577; x_wconf 92' lang='lat' dir='ltr'><strong>e</strong></span> <span class='ocrx_word' id='word_1_400' title='bbox 1335 4537 1391 4578; x_wconf 90' lang='lat' dir='ltr'><strong>ms.</strong></span> <span class='ocrx_word' id='word_1_401' title='bbox 1412 4514 1546 4578; x_wconf 88' lang='lat' dir='ltr'><strong>Metelli’.</strong></span> 
     </span>
     <span class='ocr_line' id='line_1_40' title="bbox 425 4613 1678 4699; baseline 0.006 -26"><span class='ocrx_word' id='word_1_402' title='bbox 425 4613 523 4699; x_wconf 43' lang='grc'><strong>,7.19</strong></span> <span class='ocrx_word' id='word_1_403' title='bbox 548 4641 585 4668; x_wconf 87' lang='lat'><em>=</em></span> <span class='ocrx_word' id='word_1_404' title='bbox 633 4660 648 4692; x_wconf 90' lang='lat'>„</span> <span class='ocrx_word' id='word_1_405' title='bbox 693 4615 741 4677; x_wconf 79' lang='lat'><strong>23&#39;</strong></span> <span class='ocrx_word' id='word_1_406' title='bbox 757 4643 794 4670; x_wconf 86' lang='lat'>=</span> <span class='ocrx_word' id='word_1_407' title='bbox 839 4660 854 4691; x_wconf 93' lang='grc'><strong>,,</strong></span> <span class='ocrx_word' id='word_1_408' title='bbox 913 4619 962 4692; x_wconf 81' lang='grc'><strong>35,</strong></span> <span class='ocrx_word' id='word_1_409' title='bbox 988 4620 1026 4678; x_wconf 93' lang='grc'><strong>10</strong></span> <span class='ocrx_word' id='word_1_410' title='bbox 1045 4615 1195 4679; x_wconf 80' lang='lat' dir='ltr'><strong>Metellus</strong></span> <span class='ocrx_word' id='word_1_411' title='bbox 1217 4619 1433 4680; x_wconf 87' lang='lat' dir='ltr'><strong>describebate</strong></span> <span class='ocrx_word' id='word_1_412' title='bbox 1449 4638 1505 4679; x_wconf 90' lang='lat' dir='ltr'><strong>ms.</strong></span> <span class='ocrx_word' id='word_1_413' title='bbox 1524 4622 1590 4680; x_wconf 87' lang='lat' dir='ltr'><strong>cod.</strong></span> <span class='ocrx_word' id='word_1_414' title='bbox 1607 4615 1678 4679; x_wconf 79' lang='lat' dir='ltr'><strong>card·</strong></span> 
     </span>
     <span class='ocr_line' id='line_1_41' title="bbox 1126 4715 1308 4798; baseline -0.005 -18"><span class='ocrx_word' id='word_1_415' title='bbox 1126 4715 1308 4798; x_wconf 80' lang='lat' dir='ltr'><strong>Carpensis’.</strong></span> 
     </span>
     <span class='ocr_line' id='line_1_42' title="bbox 424 4814 1679 4900; baseline 0.007 -26"><span class='ocrx_word' id='word_1_416' title='bbox 424 4814 526 4888; x_wconf 82' lang='lat'><strong>,885</strong></span> <span class='ocrx_word' id='word_1_417' title='bbox 549 4841 586 4866; x_wconf 89' lang='lat'><em>=</em></span> <span class='ocrx_word' id='word_1_418' title='bbox 632 4859 647 4893; x_wconf 92' lang='grc'><strong>,,</strong></span> <span class='ocrx_word' id='word_1_419' title='bbox 694 4817 794 4878; x_wconf 84' lang='grc' dir='ltr'><strong>6οἐ</strong></span> <span class='ocrx_word' id='word_1_420' title='bbox 841 4863 856 4896; x_wconf 90' lang='grc'><strong>,</strong></span> <span class='ocrx_word' id='word_1_421' title='bbox 912 4819 983 4894; x_wconf 76' lang='lat'><strong>236,</strong></span> <span class='ocrx_word' id='word_1_422' title='bbox 1009 4822 1022 4878; x_wconf 92' lang='lat' dir='ltr'><strong>l</strong></span> <span class='ocrx_word' id='word_1_423' title='bbox 1046 4817 1193 4881; x_wconf 89' lang='lat' dir='ltr'><strong>&#39;Metellus</strong></span> <span class='ocrx_word' id='word_1_424' title='bbox 1221 4841 1260 4880; x_wconf 87' lang='lat' dir='ltr'><strong>ex</strong></span> <span class='ocrx_word' id='word_1_425' title='bbox 1285 4821 1322 4881; x_wconf 82' lang='lat' dir='ltr'><strong>ir.</strong></span> <span class='ocrx_word' id='word_1_426' title='bbox 1344 4823 1472 4882; x_wconf 89' lang='lat' dir='ltr'><strong>Iucundi</strong></span> <span class='ocrx_word' id='word_1_427' title='bbox 1504 4818 1679 4900; x_wconf 85' lang='lat' dir='ltr'><strong>autograph⁰</strong></span> 
     </span>
     <span class='ocr_line' id='line_1_43' title="bbox 1126 4919 1444 5000; baseline 0.016 -21"><span class='ocrx_word' id='word_1_428' title='bbox 1126 4923 1178 5000; x_wconf 92' lang='lat' dir='ltr'><strong>qui</strong></span> <span class='ocrx_word' id='word_1_429' title='bbox 1201 4922 1277 4982; x_wconf 87' lang='lat' dir='ltr'><strong>vidit</strong></span> <span class='ocrx_word' id='word_1_430' title='bbox 1298 4919 1444 4984; x_wconf 82' lang='lat' dir='ltr'><strong>describ’.</strong></span> 
     </span>
    </p>
   </div>
   <div class='ocr_carea' id='block_1_11' title="bbox 360 5134 1677 5297">
    <p class='ocr_par' dir='ltr' id='par_1_11' title="bbox 360 5134 1677 5297">
     <span class='ocr_line' id='line_1_44' title="bbox 456 5134 1677 5208; baseline 0 -20"><span class='ocrx_word' id='word_1_431' title='bbox 456 5134 481 5198; x_wconf 90' lang='lat'><strong>¹&gt;</strong></span> <span class='ocrx_word' id='word_1_432' title='bbox 507 5137 549 5188; x_wconf 74' lang='lat' dir='ltr'><strong>Ex</strong></span> <span class='ocrx_word' id='word_1_433' title='bbox 573 5151 605 5188; x_wconf 81' lang='lat' dir='ltr'><strong>ca</strong></span> <span class='ocrx_word' id='word_1_434' title='bbox 627 5135 794 5190; x_wconf 68' lang='lat' dir='ltr'><strong>adsumtione</strong></span> <span class='ocrx_word' id='word_1_435' title='bbox 818 5153 883 5204; x_wconf 80' lang='lat' dir='ltr'><strong>quae</strong></span> <span class='ocrx_word' id='word_1_436' title='bbox 907 5140 970 5191; x_wconf 88' lang='lat' dir='ltr'><strong>olim</strong></span> <span class='ocrx_word' id='word_1_437' title='bbox 990 5140 1116 5206; x_wconf 73' lang='lat' dir='ltr'><strong>exscripsi</strong></span> <span class='ocrx_word' id='word_1_438' title='bbox 1133 5139 1242 5204; x_wconf 69' lang='lat' dir='ltr'><strong>mone,</strong></span> <span class='ocrx_word' id='word_1_439' title='bbox 1267 5157 1326 5194; x_wconf 86' lang='lat' dir='ltr'><strong>curn</strong></span> <span class='ocrx_word' id='word_1_440' title='bbox 1349 5155 1382 5193; x_wconf 81' lang='lat' dir='ltr'><strong>nc</strong></span> <span class='ocrx_word' id='word_1_441' title='bbox 1402 5141 1482 5194; x_wconf 82' lang='lat' dir='ltr'><strong>hodia</strong></span> <span class='ocrx_word' id='word_1_442' title='bbox 1500 5141 1602 5208; x_wconf 80' lang='lat' dir='ltr'><strong>quidem</strong></span> <span class='ocrx_word' id='word_1_443' title='bbox 1619 5139 1677 5188; x_wconf 80' lang='lat' dir='ltr'><strong>lectu</strong></span> 
     </span>
     <span class='ocr_line' id='line_1_45' title="bbox 360 5227 958 5297; baseline 0.007 -21"><span class='ocrx_word' id='word_1_444' title='bbox 360 5227 546 5293; x_wconf 76' lang='lat' dir='ltr'><strong>indiguerint,</strong></span> <span class='ocrx_word' id='word_1_445' title='bbox 566 5227 627 5280; x_wconf 88' lang='lat' dir='ltr'><strong>dedi</strong></span> <span class='ocrx_word' id='word_1_446' title='bbox 646 5229 673 5279; x_wconf 91' lang='lat' dir='ltr'><strong>in</strong></span> <span class='ocrx_word' id='word_1_447' title='bbox 691 5229 833 5296; x_wconf 81' lang='lat' dir='ltr'><strong>appendice</strong></span> <span class='ocrx_word' id='word_1_448' title='bbox 853 5230 889 5297; x_wconf 87' lang='lat' dir='ltr'><strong>(p.</strong></span> <span class='ocrx_word' id='word_1_449' title='bbox 904 5229 958 5292; x_wconf 81' lang='grc'><strong>70).</strong></span> 
     </span>
    </p>
   </div>
   <div class='ocr_carea' id='block_1_12' title="bbox 0 0 1818 5956">
    <p class='ocr_par' dir='ltr' id='par_1_12' title="bbox 0 0 1818 5956">
     <span class='ocr_line' id='line_1_46' title="bbox 0 0 1818 5956; baseline 0 0"><span class='ocrx_word' id='word_1_450' title='bbox 0 0 1818 5956; x_wconf 95' lang='lat' dir='ltr'><strong> </strong></span> 
     </span>
    </p>
   </div>
  </div>
 </body>
</html>
