3578 5962
159 1432 242 1544 llll
281 1425 529 1544 TITVLIS
566 1424 809 1540 Atticis
846 1425 931 1540 ln
968 1427 1088 1542 Rus
1124 1429 1422 1550 ROMANIS

176 1677 179 1682 =
554 1609 1025 1726 SPEOTANTIBVS.

211 2018 241 2078 6.
269 2016 360 2078 Basis
386 2016 495 2094 lapidis
520 2015 666 2077 Pentelici
697 2019 819 2078 inventa
845 2018 877 2077 in
909 2037 977 2079 arce
1009 2019 1243 2095 septentrionem
1274 2025 1382 2081 versus
1412 2023 1451 2081 ab

123 2119 307 2180 Erechtheo.
348 2119 405 2178 Ed.
427 2119 559 2179 Pittakis
578 2115 645 2194 Ἐφ.
668 2115 740 2203 ἆρχ.
766 2119 835 2180 104.
874 2118 1011 2180 Contulit
1035 2118 1178 2181 Kochler.
1220 2118 1256 2178 ‘II
1282 2116 1317 2202 ἐξ
1345 2115 1451 2206 Ἀρείου

125 2211 226 2298 πάγου
253 2211 359 2296 [Bochai
385 2209 434 2278 καὶ
457 2219 463 2297 Ι
485 2217 503 2290 ἤ
524 2212 621 2290 βουλὴ
647 2222 703 2278 τῶν
730 2213 887 2303 ἑξακοσίων
904 2211 968 2296 ’[καῖ
991 2219 997 2298 l
1022 2217 1036 2278 ὅ
1061 2215 1148 2292 δῆμος
1168 2224 1284 2306 Μᾶρκον
1302 2211 1422 2298 Ἀννιο[ν
1445 2225 1450 2302 Ι

121 2318 274 2406 Ἀφρεῒνον
295 2312 400 2379 ὕπατον
421 2315 524 2403 ἀρετῆς
544 2310 657 2399 [ἕνεΙκεν
677 2311 726 2379 καὶ
746 2323 798 2393 τῆς
818 2317 887 2404 apoc
907 2317 956 2392 τὴν
977 2312 1058 2380 πόλιν
1080 2316 1210 2398 affecisse.
1245 2322 1349 2383 Lectio
1371 2333 1454 2384 certa

124 2431 191 2496 est;
213 2443 242 2483 r.
265 2424 284 2482 3
306 2421 437 2482 Pittslris
457 2422 580 2481 exhibet
598 2438 746 2496 ammom
767 2433 856 2499 atque
876 2423 934 2482 hoc
954 2422 1096 2482 Latinum
1117 2425 1236 2502 quidem
1256 2417 1365 2485 nomen
1385 2442 1455 2485 esse

126 2525 284 2585 titulorum
309 2523 490 2583 testimoniis
512 2530 629 2582 constat
650 2523 699 2599 (P.
720 2523 846 2584 Anicius
871 2522 904 2583 G.
920 2526 947 2600 s.
970 2525 996 2598 I,
1020 2523 1109 2584 1251.
1144 2525 1183 2587 L.
1197 2525 1324 2587 Anicius
1339 2527 1453 2586 Patdeaa

126 2625 168 2700 V,
199 2623 309 2700 1052),
338 2624 391 2684 sed
419 2633 519 2684 tamen
546 2623 720 2684 Koehlerus
747 2625 780 2683 in
805 2625 905 2702 lapide
932 2627 1034 2686 Attico
1060 2629 1187 2688 anatol!
1216 2628 1362 2704 scriptum
1387 2645 1454 2688 esse

126 2726 286 2803 expressis
306 2726 406 2784 verbis
427 2732 563 2784 testatur.

212 2828 313 2904 Atque
332 2827 384 2885 ille
404 2827 510 2886 consul
530 2826 685 2902 hucusque
705 2844 765 2886 non
786 2825 906 2904 quidem
928 2829 1050 2888 omnino
1071 2830 1193 2908 ignotus
1213 2829 1285 2902 luit3
1311 2829 1373 2889 imo
1393 2847 1455 2889 non

127 2928 255 2988 dubium
269 2936 326 3001 est,
347 2929 418 3005 quin
432 2926 511 2986 idem
526 2927 710 3006 significetur
728 2929 759 2987 in
778 2928 866 2987 titulo
880 2929 1066 3006 Pompeiano
1080 2930 1137 3003 IV,
1155 2932 1235 2991 1544
1257 2929 1306 3007 (ra.
1321 2943 1456 2990 vtntctvs

128 3043 251 3088 vrratts
282 3027 353 3088 sxln
385 3043 423 3087 ra
454 3041 562 3087 nouas
595 3043 692 3087 tvttss
717 3044 833 3089 aestuo
859 3045 895 3087 ετ
920 3045 1075 3090 asatcarw
1102 3029 1187 3106 cos.)
1214 3040 1244 3090 et
1270 3031 1302 3089 in
1332 3048 1454 3089 nummo

128 3129 326 3190 PessInuntio
351 3130 518 3207 imperante
543 3126 673 3188 Claudio
700 3147 789 3200 cuso,
821 3129 871 3188 oui
895 3129 1072 3206 inscriptum
1100 3141 1148 3190 est
1175 3135 1234 3188 ΕΠΙ
1265 3134 1454 3188 ΑΦΡΕΙΝΟΥ

130 3231 296 3308 (Borghesi
327 3229 407 3308 Opp.
433 3229 510 3289 VIII
536 3249 566 3307 p.
589 3229 672 3306 150).
726 3227 787 3291 Sed
818 3248 859 3288 ex
889 3230 975 3290 titulo
1001 3230 1103 3289 Attico
1135 3230 1263 3308 primum
1294 3230 1456 3289 innotescit

129 3333 256 3410 plenum
283 3350 407 3403 nomen3
439 3331 546 3391 deinde
576 3332 769 3393 confirmatur
799 3334 891 3391 etiam
916 3331 996 3408 quod
1023 3330 1207 3410 Borghesius
1233 3331 1307 3390 dicit
1334 3348 1455 3392 nummo

130 3433 185 3493 illo
206 3433 404 3510 comprobari,
425 3431 482 3491 Th.
498 3433 716 3493 Mommsenum
737 3435 769 3492 in
789 3432 877 3493 titulo
898 3433 1084 3510 Pompeiano
1104 3439 1184 3492 recte
1204 3432 1456 3512 legisseasatrw,

131 3553 200 3595 cum
222 3534 382 3595 Arellinus
403 3548 529 3593 assumo
550 3532 688 3612 legisset,
713 3553 791 3612 quae
811 3535 900 3593 lectio
922 3535 1011 3594 etiam
1032 3535 1063 3592 in
1086 3531 1205 3612 Corpus
1224 3534 1456 3610 Inscriptionum

132 3643 255 3712 recepta
276 3645 330 3696 est.
374 3632 560 3695 certissimis
581 3641 680 3696 autem
702 3637 851 3714 exemplis
872 3637 950 3696 hanc
970 3635 1100 3695 nominis
1121 3636 1248 3694 formam
1269 3637 1465 3713 comprobari·

132 3739 187 3798 viu
208 3736 357 3814 estquod
384 3737 489 3796 dicam.
532 3735 611 3796 Nam
639 3746 672 3795 ut
697 3737 730 3796 in
750 3738 923 3798 universum
942 3737 1067 3815 Africae
1093 3737 1132 3795 ab
1159 3755 1195 3797 eo
1216 3736 1297 3814 quod
1317 3743 1365 3796 est
1384 3735 1459 3813 Aser

133 3839 241 3899 eodem
262 3839 352 3898 modo
373 3838 525 3899 derivatur
545 3857 605 3916 quo
623 3837 774 3900 Macrinus
795 3840 939 3912 aMocer,
960 3839 1004 3899 its
1023 3821 1113 3897 neid
1135 3839 1255 3915 quidem
1276 3857 1379 3898 verum
1401 3848 1459 3914 est,

134 3942 173 4002 ab
193 3941 234 4000 iis
259 3940 485 4018 cognominibus
510 3958 588 4018 quae
613 3942 732 4018 proprie
756 3942 875 4001 ethnica
901 3942 975 4014 sint,
1001 3959 1062 3999 non
1089 3939 1211 3998 lormari
1237 3940 1298 4000 alia
1322 3941 1354 4001 in
1380 3945 1460 4002 -t‘aua

135 4043 285 4103 exeuntia.
329 4039 425 4102 (iuius
450 4041 575 4101 reliam
596 4041 655 4101 Th.
677 4043 882 4102 Mommsenus
904 4043 934 4114 Ι,
960 4061 990 4118 p.
1014 4041 1072 4101 178
1098 4061 1165 4102 cum
1191 4052 1296 4101 contra
1315 4043 1460 4104 Rossium

135 4143 314 4221 disputaret,
339 4143 510 4220 exemplum
536 4143 637 4203 attulit
660 4143 836 4215 Graecinum
862 4143 989 4202 alterum
1010 4143 1124 4202 accedit
1145 4143 1284 4202 Daciam
1303 4143 1345 4214 11,
1369 4145 1460 4217 1468,

137 4264 157 4305 a
180 4245 301 4316 hamc,
322 4244 404 4322 quod
424 4244 574 4303 ethnIcum
594 4245 766 4321 frequenter
785 4243 970 4320 cognominis
992 4242 1060 4302 loco
1081 4249 1254 4320 usurpatur.

222 4343 323 4420 Quum
336 4347 430 4422 Igitur
442 4347 473 4404 in
486 4346 607 4405 nomine
617 4345 662 4404 M.
670 4344 762 4404 Anaia·
767 4342 868 4421 Africi
881 4343 1013 4403 consulis
1023 4343 1097 4402 nihil
1107 4342 1189 4401 dubii
1200 4342 1395 4418 relinquatur,
1406 4342 1461 4402 dn-

136 4449 221 4509 hinm
234 4450 406 4507 etiamnunc
418 4455 552 4507 remanet
564 4453 691 4524 tempus.
723 4442 782 4504 Cui
801 4444 970 4504 deliniendo
985 4443 1171 4521 Borgheeius
1184 4442 1305 4519 quidem
1319 4442 1462 4504 idoneum

136 4550 263 4627 putabat
283 4549 407 4608 alterium
428 4549 561 4609 consulis
582 4546 718 4626 Africani
738 4565 856 4619 nomeu,
877 4565 945 4605 cum
965 4547 1093 4622 probare
1113 4543 1246 4604 studeret
1267 4542 1361 4623 (Opp.
1383 4543 1463 4604 VIII

137 4669 168 4728 p.
184 4650 293 4728 4sqq.)
314 4658 345 4710 et
364 4653 443 4710 hunc
463 4651 557 4710 alium
579 4668 729 4711 essenon
750 4666 843 4724 posse
864 4666 901 4707 ac
925 4647 958 4706 T.
978 4647 1105 4708 Sestium
1118 4644 1290 4724 Afficanam
1309 4646 1463 4706 consulem

139 4753 298 4814 suffectum
315 4751 437 4813 Nerone
457 4753 648 4831 imperatore,
669 4761 700 4810 et
718 4751 810 4810 huius
830 4749 1018 4809 consulatum
1039 4748 1169 4808 incidere
1189 4747 1222 4804 in
1243 4765 1354 4806 annum
1371 4747 1410 4808 59
1432 4768 1461 4827 p.

140 4852 213 4916 chr.
256 4854 306 4914 Ex
333 4854 442 4930 quibus
472 4854 530 4913 hoc
558 4853 763 4913 confirmatum
795 4849 841 4911 es't
871 4850 976 4911 tabula
1006 4843 1129 4926 collegii
1155 4847 1281 4908 fratrum
1306 4849 1463 4909 Arvalium

140 4967 249 5034 postea
273 4965 394 5034 reperta
415 4954 568 5033 (Henzen,
592 4953 686 5017 Suari
710 4955 759 5013 nel
786 4955 880 5013 bosco
907 4951 954 5011 dei
981 4951 1093 5010 fretelli
1112 4949 1221 5010 Arvali
1240 4967 1271 5026 p.
1295 4949 1363 5026 17),
1388 4950 1464 5009 illud

141 5066 242 5118 autem
274 5059 379 5118 eodem
409 5065 604 5117 monumento
630 5056 803 5126 refutatum,
836 5071 903 5114 oum
932 5053 975 5112 ibi
1002 5051 1040 5112 Τ.
1067 5049 1164 5113 Sextii
1188 5049 1324 5110 Africani
1348 5049 1465 5127 collega

142 5169 335 5220 recenseatur
358 5177 419 5219 non
445 5159 487 5219 M.
509 5160 630 5220 Annius
656 5157 797 5228 Altinae,
824 5155 878 5214 sed
899 5155 944 5213 M.
970 5153 1104 5213 Ostorius
1125 5152 1265 5230 Scapula.
1306 5151 1413 5228 Itequs
1434 5161 1465 5209 et

143 5279 222 5338 qnae
246 5262 358 5324 luerint
383 5271 483 5324 cetera
506 5262 589 5322 illius
616 5259 751 5321 Africani
775 5257 911 5330 nomina,
939 5257 992 5334 qni
1019 5274 1085 5316 cum
1109 5253 1212 5314 Annio
1233 5251 1341 5315 Alrino
1366 5251 1464 5310 fasces
