<?xml version="1.0" encoding="UTF-8"?>
<!DOCTYPE html PUBLIC "-//W3C//DTD XHTML 1.0 Transitional//EN"
    "http://www.w3.org/TR/xhtml1/DTD/xhtml1-transitional.dtd">
<html xmlns="http://www.w3.org/1999/xhtml" xml:lang="en" lang="en">
 <head>
  <title>
</title>
<meta http-equiv="Content-Type" content="text/html;charset=utf-8" />
  <meta name='ocr-system' content='tesseract 3.04.00' />
  <meta name='ocr-capabilities' content='ocr_page ocr_carea ocr_par ocr_line ocrx_word'/>
</head>
<body>
  <div class='ocr_page' id='page_1' title='image "./ephemerisepigra19instgoog_0184.png"; bbox 0 0 3582 5956; ppageno 0'>
   <div class='ocr_carea' id='block_1_1' title="bbox 390 555 1105 826">
    <p class='ocr_par' dir='ltr' id='par_1_1' title="bbox 390 555 1105 826">
     <span class='ocr_line' id='line_1_1' title="bbox 518 555 977 671; baseline -0.004 0"><span class='ocrx_word' id='word_1_1' title='bbox 518 555 977 671; x_wconf 81' lang='lat' dir='ltr'><strong>ADDITAMENTA</strong></span> 
     </span>
     <span class='ocr_line' id='line_1_2' title="bbox 390 740 1105 826; baseline -0.003 -2"><span class='ocrx_word' id='word_1_2' title='bbox 390 741 467 824; x_wconf 77' lang='lat' dir='ltr'><strong>lo</strong></span> <span class='ocrx_word' id='word_1_3' title='bbox 501 741 760 826; x_wconf 77' lang='lat' dir='ltr'><strong>conpone</strong></span> <span class='ocrx_word' id='word_1_4' title='bbox 791 740 1048 826; x_wconf 78' lang='lat' dir='ltr'><strong>vouvlmn</strong></span> <span class='ocrx_word' id='word_1_5' title='bbox 1076 741 1105 822; x_wconf 92' lang='lat'><strong>1.</strong></span> 
     </span>
    </p>
   </div>
   <div class='ocr_carea' id='block_1_2' title="bbox 80 980 1415 1162">
    <p class='ocr_par' dir='ltr' id='par_1_2' title="bbox 80 980 1415 1162">
     <span class='ocr_line' id='line_1_3' title="bbox 80 980 1415 1060; baseline -0.003 -18"><span class='ocrx_word' id='word_1_6' title='bbox 80 980 170 1042; x_wconf 80' lang='lat' dir='ltr'><strong>lasa</strong></span> <span class='ocrx_word' id='word_1_7' title='bbox 193 985 270 1042; x_wconf 85' lang='lat' dir='ltr'><strong>cista</strong></span> <span class='ocrx_word' id='word_1_8' title='bbox 291 1000 379 1042; x_wconf 89' lang='lat' dir='ltr'><strong>aerea</strong></span> <span class='ocrx_word' id='word_1_9' title='bbox 400 983 475 1041; x_wconf 84' lang='lat' dir='ltr'><strong>artis</strong></span> <span class='ocrx_word' id='word_1_10' title='bbox 496 983 627 1043; x_wconf 88' lang='lat' dir='ltr'><strong>rudioris</strong></span> <span class='ocrx_word' id='word_1_11' title='bbox 648 1003 744 1060; x_wconf 85' lang='lat' dir='ltr'>nuper</span> <span class='ocrx_word' id='word_1_12' title='bbox 763 983 928 1044; x_wconf 74' lang='lat' dir='ltr'><strong>Praeneste</strong></span> <span class='ocrx_word' id='word_1_13' title='bbox 948 991 1076 1059; x_wconf 89' lang='lat' dir='ltr'><strong>reperta,</strong></span> <span class='ocrx_word' id='word_1_14' title='bbox 1098 999 1177 1059; x_wconf 90' lang='lat' dir='ltr'><strong>quae</strong></span> <span class='ocrx_word' id='word_1_15' title='bbox 1197 998 1276 1042; x_wconf 89' lang='lat' dir='ltr'><strong>nunc</strong></span> <span class='ocrx_word' id='word_1_16' title='bbox 1297 987 1415 1058; x_wconf 77' lang='lat' dir='ltr'><strong>prostat</strong></span> 
     </span>
     <span class='ocr_line' id='line_1_4' title="bbox 120 1083 783 1162; baseline 0 -18"><span class='ocrx_word' id='word_1_17' title='bbox 120 1084 238 1144; x_wconf 85' lang='lat' dir='ltr'><strong>Romae</strong></span> <span class='ocrx_word' id='word_1_18' title='bbox 260 1083 340 1161; x_wconf 89' lang='lat' dir='ltr'><strong>apud</strong></span> <span class='ocrx_word' id='word_1_19' title='bbox 361 1087 533 1162; x_wconf 86' lang='lat' dir='ltr'><strong>Augustum</strong></span> <span class='ocrx_word' id='word_1_20' title='bbox 556 1083 783 1145; x_wconf 70' lang='lat' dir='ltr'><strong>castellonium.</strong></span> 
     </span>
    </p>
   </div>
   <div class='ocr_carea' id='block_1_3' title="bbox 480 1202 1011 1282">
    <p class='ocr_par' dir='ltr' id='par_1_3' title="bbox 480 1202 1011 1282">
     <span class='ocr_line' id='line_1_5' title="bbox 480 1202 1011 1282; baseline 0.004 -20"><span class='ocrx_word' id='word_1_21' title='bbox 480 1203 562 1280; x_wconf 86' lang='lat' dir='ltr'><strong>(vido</strong></span> <span class='ocrx_word' id='word_1_22' title='bbox 584 1205 718 1264; x_wconf 86' lang='lat' dir='ltr'><strong>tabulam</strong></span> <span class='ocrx_word' id='word_1_23' title='bbox 741 1224 758 1264; x_wconf 98' lang='lat' dir='ltr'><strong>e</strong></span> <span class='ocrx_word' id='word_1_24' title='bbox 778 1203 901 1282; x_wconf 78' lang='lat' dir='ltr'>regione</span> <span class='ocrx_word' id='word_1_25' title='bbox 921 1223 951 1264; x_wconf 90' lang='lat' dir='ltr'><strong>n.</strong></span> <span class='ocrx_word' id='word_1_26' title='bbox 968 1202 1011 1279; x_wconf 87' lang='grc'><strong>9.)</strong></span> 
     </span>
    </p>
   </div>
   <div class='ocr_carea' id='block_1_4' title="bbox 32 1319 1414 2916">
    <p class='ocr_par' dir='ltr' id='par_1_4' title="bbox 32 1319 1414 2513">
     <span class='ocr_line' id='line_1_6' title="bbox 80 1319 1413 1400; baseline -0.001 -18"><span class='ocrx_word' id='word_1_27' title='bbox 80 1319 145 1382; x_wconf 87' lang='lat' dir='ltr'><strong>Stat</strong></span> <span class='ocrx_word' id='word_1_28' title='bbox 171 1323 264 1380; x_wconf 91' lang='lat' dir='ltr'><strong>homo</strong></span> <span class='ocrx_word' id='word_1_29' title='bbox 290 1321 434 1382; x_wconf 88' lang='lat' dir='ltr'><strong>loricatus</strong></span> <span class='ocrx_word' id='word_1_30' title='bbox 460 1329 491 1382; x_wconf 84' lang='lat' dir='ltr'><strong>ct</strong></span> <span class='ocrx_word' id='word_1_31' title='bbox 517 1323 659 1383; x_wconf 89' lang='lat' dir='ltr'><strong>barbatus</strong></span> <span class='ocrx_word' id='word_1_32' title='bbox 683 1323 829 1400; x_wconf 75' lang='lat' dir='ltr'><strong>(aereas),</strong></span> <span class='ocrx_word' id='word_1_33' title='bbox 858 1325 942 1383; x_wconf 91' lang='lat' dir='ltr'><strong>cuius</strong></span> <span class='ocrx_word' id='word_1_34' title='bbox 970 1325 1079 1382; x_wconf 81' lang='lat' dir='ltr'><strong>dextra</strong></span> <span class='ocrx_word' id='word_1_35' title='bbox 1104 1340 1214 1400; x_wconf 86' lang='lat' dir='ltr'><strong>equum</strong></span> <span class='ocrx_word' id='word_1_36' title='bbox 1234 1321 1301 1380; x_wconf 92' lang='lat' dir='ltr'><strong>loro</strong></span> <span class='ocrx_word' id='word_1_37' title='bbox 1322 1329 1413 1392; x_wconf 83' lang='lat' dir='ltr'><strong>tenet,</strong></span> 
     </span>
     <span class='ocr_line' id='line_1_7' title="bbox 79 1422 1413 1500; baseline 0 -19"><span class='ocrx_word' id='word_1_38' title='bbox 79 1423 206 1482; x_wconf 84' lang='lat' dir='ltr'><strong>sinistra</strong></span> <span class='ocrx_word' id='word_1_39' title='bbox 231 1424 321 1482; x_wconf 87' lang='lat' dir='ltr'><strong>hasta</strong></span> <span class='ocrx_word' id='word_1_40' title='bbox 346 1423 491 1483; x_wconf 86' lang='lat' dir='ltr'><strong>innititur.</strong></span> <span class='ocrx_word' id='word_1_41' title='bbox 533 1426 584 1484; x_wconf 85' lang='lat' dir='ltr'><strong>Ad</strong></span> <span class='ocrx_word' id='word_1_42' title='bbox 610 1445 678 1484; x_wconf 90' lang='lat' dir='ltr'><strong>eum</strong></span> <span class='ocrx_word' id='word_1_43' title='bbox 704 1426 820 1485; x_wconf 88' lang='lat' dir='ltr'><strong>accedit</strong></span> <span class='ocrx_word' id='word_1_44' title='bbox 844 1425 1020 1484; x_wconf 79' lang='lat' dir='ltr'><strong>adulescens</strong></span> <span class='ocrx_word' id='word_1_45' title='bbox 1042 1429 1260 1500; x_wconf 83' lang='lat' dir='ltr'><strong>campestratos</strong></span> <span class='ocrx_word' id='word_1_46' title='bbox 1281 1422 1413 1499; x_wconf 81' lang='lat' dir='ltr'><strong>(amos),</strong></span> 
     </span>
     <span class='ocr_line' id='line_1_8' title="bbox 32 1523 1414 1606; baseline 0 -25"><span class='ocrx_word' id='word_1_47' title='bbox 32 1591 34 1606; x_wconf 43' lang='grc' dir='ltr'>Ι</span> <span class='ocrx_word' id='word_1_48' title='bbox 79 1523 189 1582; x_wconf 83' lang='lat' dir='ltr'><strong>dextre</strong></span> <span class='ocrx_word' id='word_1_49' title='bbox 216 1534 355 1601; x_wconf 87' lang='lat' dir='ltr'><strong>porrecta</strong></span> <span class='ocrx_word' id='word_1_50' title='bbox 383 1532 536 1602; x_wconf 82' lang='lat' dir='ltr'><strong>tamquam</strong></span> <span class='ocrx_word' id='word_1_51' title='bbox 564 1525 680 1603; x_wconf 89' lang='lat' dir='ltr'><strong>aliquid</strong></span> <span class='ocrx_word' id='word_1_52' title='bbox 707 1545 774 1585; x_wconf 88' lang='lat' dir='ltr'><strong>oum</strong></span> <span class='ocrx_word' id='word_1_53' title='bbox 801 1545 836 1586; x_wconf 90' lang='lat' dir='ltr'><strong>eo</strong></span> <span class='ocrx_word' id='word_1_54' title='bbox 864 1525 1149 1596; x_wconf 70' lang='lat' dir='ltr'><strong>communicaturus,</strong></span> <span class='ocrx_word' id='word_1_55' title='bbox 1182 1523 1306 1583; x_wconf 83' lang='lat' dir='ltr'><strong>sinislra</strong></span> <span class='ocrx_word' id='word_1_56' title='bbox 1332 1531 1414 1582; x_wconf 87' lang='lat' dir='ltr'><strong>tenet</strong></span> 
     </span>
     <span class='ocr_line' id='line_1_9' title="bbox 78 1624 1413 1704; baseline 0.001 -22"><span class='ocrx_word' id='word_1_57' title='bbox 78 1625 209 1697; x_wconf 87' lang='lat' dir='ltr'><strong>hastam,</strong></span> <span class='ocrx_word' id='word_1_58' title='bbox 232 1624 323 1684; x_wconf 93' lang='lat' dir='ltr'><strong>dorso</strong></span> <span class='ocrx_word' id='word_1_59' title='bbox 344 1633 443 1704; x_wconf 83' lang='lat' dir='ltr'><strong>gestat</strong></span> <span class='ocrx_word' id='word_1_60' title='bbox 463 1645 577 1704; x_wconf 89' lang='lat' dir='ltr'><strong>peram,</strong></span> <span class='ocrx_word' id='word_1_61' title='bbox 599 1646 638 1686; x_wconf 87' lang='lat' dir='ltr'><strong>ex</strong></span> <span class='ocrx_word' id='word_1_62' title='bbox 661 1646 720 1704; x_wconf 89' lang='lat' dir='ltr'><strong>qua</strong></span> <span class='ocrx_word' id='word_1_63' title='bbox 734 1628 833 1687; x_wconf 87' lang='lat' dir='ltr'><strong>avium</strong></span> <span class='ocrx_word' id='word_1_64' title='bbox 849 1626 1018 1704; x_wconf 72' lang='lat' dir='ltr'><strong>(anatumi)</strong></span> <span class='ocrx_word' id='word_1_65' title='bbox 1033 1628 1133 1704; x_wconf 85' lang='lat' dir='ltr'><strong>capita</strong></span> <span class='ocrx_word' id='word_1_66' title='bbox 1146 1632 1276 1685; x_wconf 86' lang='lat' dir='ltr'><strong>exstant.</strong></span> <span class='ocrx_word' id='word_1_67' title='bbox 1312 1625 1413 1702; x_wconf 86' lang='lat' dir='ltr'><strong>Prope</strong></span> 
     </span>
     <span class='ocr_line' id='line_1_10' title="bbox 80 1725 1413 1804; baseline -0.001 -20"><span class='ocrx_word' id='word_1_68' title='bbox 80 1735 126 1784; x_wconf 83' lang='lat' dir='ltr'><strong>est</strong></span> <span class='ocrx_word' id='word_1_69' title='bbox 146 1725 326 1787; x_wconf 80' lang='lat' dir='ltr'><strong>adulescens</strong></span> <span class='ocrx_word' id='word_1_70' title='bbox 349 1726 508 1803; x_wconf 83' lang='lat' dir='ltr'><strong>(onssrsl)</strong></span> <span class='ocrx_word' id='word_1_71' title='bbox 530 1729 658 1788; x_wconf 85' lang='lat' dir='ltr'><strong>adversa</strong></span> <span class='ocrx_word' id='word_1_72' title='bbox 676 1728 762 1802; x_wconf 81' lang='lat' dir='ltr'><strong>facie,</strong></span> <span class='ocrx_word' id='word_1_73' title='bbox 785 1749 804 1788; x_wconf 87' lang='lat' dir='ltr'><strong>a</strong></span> <span class='ocrx_word' id='word_1_74' title='bbox 824 1729 910 1788; x_wconf 90' lang='lat' dir='ltr'><strong>cuius</strong></span> <span class='ocrx_word' id='word_1_75' title='bbox 925 1728 1036 1788; x_wconf 86' lang='lat' dir='ltr'><strong>umeris</strong></span> <span class='ocrx_word' id='word_1_76' title='bbox 1050 1737 1081 1787; x_wconf 86' lang='lat' dir='ltr'><strong>et</strong></span> <span class='ocrx_word' id='word_1_77' title='bbox 1093 1735 1217 1804; x_wconf 88' lang='lat' dir='ltr'><strong>petasus</strong></span> <span class='ocrx_word' id='word_1_78' title='bbox 1233 1734 1263 1785; x_wconf 88' lang='lat' dir='ltr'><strong>et</strong></span> <span class='ocrx_word' id='word_1_79' title='bbox 1277 1725 1413 1802; x_wconf 80' lang='lat' dir='ltr'><strong>chlamys</strong></span> 
     </span>
     <span class='ocr_line' id='line_1_11' title="bbox 78 1827 1412 1908; baseline 0.001 -23"><span class='ocrx_word' id='word_1_80' title='bbox 78 1827 202 1902; x_wconf 79' lang='lat' dir='ltr'><strong>pendet3</strong></span> <span class='ocrx_word' id='word_1_81' title='bbox 225 1827 334 1888; x_wconf 86' lang='lat' dir='ltr'><strong>dextra</strong></span> <span class='ocrx_word' id='word_1_82' title='bbox 353 1827 441 1888; x_wconf 88' lang='lat' dir='ltr'><strong>hasla</strong></span> <span class='ocrx_word' id='word_1_83' title='bbox 462 1829 608 1889; x_wconf 83' lang='lat' dir='ltr'><strong>innititur.</strong></span> <span class='ocrx_word' id='word_1_84' title='bbox 644 1832 694 1889; x_wconf 84' lang='lat' dir='ltr'><strong>Ab</strong></span> <span class='ocrx_word' id='word_1_85' title='bbox 716 1831 755 1889; x_wconf 90' lang='lat' dir='ltr'><strong>iis</strong></span> <span class='ocrx_word' id='word_1_86' title='bbox 776 1848 853 1908; x_wconf 86' lang='lat' dir='ltr'><strong>quos</strong></span> <span class='ocrx_word' id='word_1_87' title='bbox 874 1830 940 1889; x_wconf 85' lang='lat' dir='ltr'><strong>dixi</strong></span> <span class='ocrx_word' id='word_1_88' title='bbox 962 1845 1086 1889; x_wconf 86' lang='lat' dir='ltr'><strong>aversus</strong></span> <span class='ocrx_word' id='word_1_89' title='bbox 1109 1838 1169 1888; x_wconf 86' lang='lat' dir='ltr'><strong>stat</strong></span> <span class='ocrx_word' id='word_1_90' title='bbox 1191 1845 1285 1887; x_wconf 85' lang='lat' dir='ltr'><strong>senex</strong></span> <span class='ocrx_word' id='word_1_91' title='bbox 1307 1827 1412 1886; x_wconf 87' lang='lat' dir='ltr'><strong>calvus</strong></span> 
     </span>
     <span class='ocr_line' id='line_1_12' title="bbox 78 1927 1412 2009; baseline 0.001 -24"><span class='ocrx_word' id='word_1_92' title='bbox 78 1927 241 2002; x_wconf 77' lang='lat' dir='ltr'><strong>(ronoavs</strong></span> <span class='ocrx_word' id='word_1_93' title='bbox 256 1953 293 1980; x_wconf 91' lang='lat'><em>=</em></span> <span class='ocrx_word' id='word_1_94' title='bbox 310 1929 517 2007; x_wconf 82' lang='lat' dir='ltr'><strong>Tyndareus),</strong></span> <span class='ocrx_word' id='word_1_95' title='bbox 539 1939 657 2008; x_wconf 91' lang='lat' dir='ltr'><strong>sceptro</strong></span> <span class='ocrx_word' id='word_1_96' title='bbox 672 1932 806 2004; x_wconf 86' lang='lat' dir='ltr'><strong>innixus,</strong></span> <span class='ocrx_word' id='word_1_97' title='bbox 823 1932 931 1992; x_wconf 82' lang='lat' dir='ltr'><strong>dextra</strong></span> <span class='ocrx_word' id='word_1_98' title='bbox 943 1937 1080 2009; x_wconf 87' lang='lat' dir='ltr'><strong>porrecta</strong></span> <span class='ocrx_word' id='word_1_99' title='bbox 1095 1929 1132 1989; x_wconf 87' lang='lat' dir='ltr'><strong>ad</strong></span> <span class='ocrx_word' id='word_1_100' title='bbox 1148 1929 1304 1989; x_wconf 90' lang='lat' dir='ltr'><strong>mulierem</strong></span> <span class='ocrx_word' id='word_1_101' title='bbox 1318 1927 1412 2004; x_wconf 88' lang='lat' dir='ltr'><strong>pallio</strong></span> 
     </span>
     <span class='ocr_line' id='line_1_13' title="bbox 79 2029 1412 2110; baseline 0 -23"><span class='ocrx_word' id='word_1_102' title='bbox 79 2029 220 2088; x_wconf 82' lang='lat' dir='ltr'><strong>amictam</strong></span> <span class='ocrx_word' id='word_1_103' title='bbox 242 2047 320 2107; x_wconf 89' lang='lat' dir='ltr'><strong>quae</strong></span> <span class='ocrx_word' id='word_1_104' title='bbox 340 2049 436 2109; x_wconf 88' lang='lat' dir='ltr'><strong>prope</strong></span> <span class='ocrx_word' id='word_1_105' title='bbox 458 2039 519 2091; x_wconf 86' lang='lat' dir='ltr'><strong>stat</strong></span> <span class='ocrx_word' id='word_1_106' title='bbox 539 2050 655 2093; x_wconf 86' lang='lat' dir='ltr'><strong>aversa.</strong></span> <span class='ocrx_word' id='word_1_107' title='bbox 692 2031 789 2093; x_wconf 83' lang='lat' dir='ltr'><strong>Cuius</strong></span> <span class='ocrx_word' id='word_1_108' title='bbox 809 2051 917 2093; x_wconf 89' lang='lat' dir='ltr'><strong>nomen</strong></span> <span class='ocrx_word' id='word_1_109' title='bbox 939 2033 1004 2091; x_wconf 86' lang='lat' dir='ltr'><strong>fieri</strong></span> <span class='ocrx_word' id='word_1_110' title='bbox 1026 2039 1127 2110; x_wconf 89' lang='lat' dir='ltr'><strong>potest</strong></span> <span class='ocrx_word' id='word_1_111' title='bbox 1144 2037 1177 2090; x_wconf 83' lang='lat' dir='ltr'><strong>ut</strong></span> <span class='ocrx_word' id='word_1_112' title='bbox 1190 2029 1321 2109; x_wconf 88' lang='lat' dir='ltr'><strong>perierit,</strong></span> <span class='ocrx_word' id='word_1_113' title='bbox 1344 2047 1412 2089; x_wconf 87' lang='lat' dir='ltr'><strong>oum</strong></span> 
     </span>
     <span class='ocr_line' id='line_1_14' title="bbox 78 2131 1411 2210; baseline -0.001 -22"><span class='ocrx_word' id='word_1_114' title='bbox 78 2146 127 2188; x_wconf 89' lang='lat' dir='ltr'><strong>aes</strong></span> <span class='ocrx_word' id='word_1_115' title='bbox 153 2147 194 2189; x_wconf 91' lang='lat' dir='ltr'><strong>eo</strong></span> <span class='ocrx_word' id='word_1_116' title='bbox 218 2131 287 2190; x_wconf 91' lang='lat' dir='ltr'><strong>loco</strong></span> <span class='ocrx_word' id='word_1_117' title='bbox 309 2134 499 2192; x_wconf 77' lang='lat' dir='ltr'><strong>vehementer</strong></span> <span class='ocrx_word' id='word_1_118' title='bbox 520 2133 561 2193; x_wconf 91' lang='lat' dir='ltr'><strong>sit</strong></span> <span class='ocrx_word' id='word_1_119' title='bbox 581 2152 744 2195; x_wconf 90' lang='lat' dir='ltr'><strong>corrosum.</strong></span> <span class='ocrx_word' id='word_1_120' title='bbox 787 2135 838 2193; x_wconf 84' lang='lat' dir='ltr'><strong>Ad</strong></span> <span class='ocrx_word' id='word_1_121' title='bbox 860 2133 1054 2210; x_wconf 79' lang='lat' dir='ltr'><strong>Tyndareum</strong></span> <span class='ocrx_word' id='word_1_122' title='bbox 1077 2141 1177 2192; x_wconf 86' lang='lat' dir='ltr'><strong>autem</strong></span> <span class='ocrx_word' id='word_1_123' title='bbox 1199 2131 1298 2192; x_wconf 89' lang='lat' dir='ltr'><strong>assilit</strong></span> <span class='ocrx_word' id='word_1_124' title='bbox 1318 2131 1411 2189; x_wconf 91' lang='lat' dir='ltr'><strong>canis.</strong></span> 
     </span>
     <span class='ocr_line' id='line_1_15' title="bbox 79 2227 1412 2313; baseline 0.002 -23"><span class='ocrx_word' id='word_1_125' title='bbox 79 2227 223 2309; x_wconf 87' lang='lat' dir='ltr'><strong>Sequitur</strong></span> <span class='ocrx_word' id='word_1_126' title='bbox 243 2234 334 2292; x_wconf 90' lang='lat' dir='ltr'><strong>homo</strong></span> <span class='ocrx_word' id='word_1_127' title='bbox 355 2233 498 2294; x_wconf 87' lang='lat' dir='ltr'><strong>loricatus</strong></span> <span class='ocrx_word' id='word_1_128' title='bbox 520 2253 628 2313; x_wconf 90' lang='lat' dir='ltr'><strong>equum</strong></span> <span class='ocrx_word' id='word_1_129' title='bbox 650 2236 716 2294; x_wconf 94' lang='lat' dir='ltr'><strong>loro</strong></span> <span class='ocrx_word' id='word_1_130' title='bbox 737 2241 853 2295; x_wconf 76' lang='lat' dir='ltr'><strong>terem.</strong></span> <span class='ocrx_word' id='word_1_131' title='bbox 889 2234 1050 2310; x_wconf 86' lang='lat' dir='ltr'><strong>Adscripta</strong></span> <span class='ocrx_word' id='word_1_132' title='bbox 1064 2252 1132 2293; x_wconf 88' lang='lat' dir='ltr'><strong>cum</strong></span> <span class='ocrx_word' id='word_1_133' title='bbox 1146 2233 1207 2294; x_wconf 88' lang='lat' dir='ltr'><strong>sint</strong></span> <span class='ocrx_word' id='word_1_134' title='bbox 1221 2247 1412 2304; x_wconf 76' lang='lat' dir='ltr'><strong>saci-cvcvS,</strong></span> 
     </span>
     <span class='ocr_line' id='line_1_16' title="bbox 77 2333 1412 2413; baseline -0.001 -21"><span class='ocrx_word' id='word_1_135' title='bbox 77 2343 191 2392; x_wconf 80' lang='lat' dir='ltr'><strong>certum</strong></span> <span class='ocrx_word' id='word_1_136' title='bbox 218 2344 265 2392; x_wconf 86' lang='lat' dir='ltr'><strong>est</strong></span> <span class='ocrx_word' id='word_1_137' title='bbox 289 2348 354 2394; x_wconf 83' lang='lat' dir='ltr'><strong>secl</strong></span> <span class='ocrx_word' id='word_1_138' title='bbox 375 2336 525 2412; x_wconf 86' lang='lat' dir='ltr'><strong>pertinere</strong></span> <span class='ocrx_word' id='word_1_139' title='bbox 546 2335 584 2394; x_wconf 90' lang='lat' dir='ltr'><strong>ad</strong></span> <span class='ocrx_word' id='word_1_140' title='bbox 605 2337 772 2409; x_wconf 89' lang='lat' dir='ltr'><strong>hominem,</strong></span> <span class='ocrx_word' id='word_1_141' title='bbox 798 2351 896 2397; x_wconf 79' lang='lat' dir='ltr'><strong>tvcvs</strong></span> <span class='ocrx_word' id='word_1_142' title='bbox 918 2337 957 2395; x_wconf 87' lang='lat' dir='ltr'><strong>ad</strong></span> <span class='ocrx_word' id='word_1_143' title='bbox 979 2353 1099 2413; x_wconf 86' lang='lat' dir='ltr'><strong>equum.</strong></span> <span class='ocrx_word' id='word_1_144' title='bbox 1142 2333 1321 2394; x_wconf 81' lang='lat' dir='ltr'><strong>Postremae</strong></span> <span class='ocrx_word' id='word_1_145' title='bbox 1343 2343 1412 2392; x_wconf 85' lang='lat' dir='ltr'><strong>sunt¹</strong></span> 
     </span>
     <span class='ocr_line' id='line_1_17' title="bbox 77 2432 1053 2513; baseline 0.005 -21"><span class='ocrx_word' id='word_1_146' title='bbox 77 2432 151 2494; x_wconf 88' lang='lat' dir='ltr'><strong>duae</strong></span> <span class='ocrx_word' id='word_1_147' title='bbox 172 2434 316 2494; x_wconf 88' lang='lat' dir='ltr'><strong>mulieres</strong></span> <span class='ocrx_word' id='word_1_148' title='bbox 338 2437 436 2496; x_wconf 89' lang='lat' dir='ltr'><strong>nudae</strong></span> <span class='ocrx_word' id='word_1_149' title='bbox 458 2436 610 2512; x_wconf 78' lang='lat' dir='ltr'><strong>(casiam</strong></span> <span class='ocrx_word' id='word_1_150' title='bbox 631 2446 662 2497; x_wconf 88' lang='lat' dir='ltr'><strong>et</strong></span> <span class='ocrx_word' id='word_1_151' title='bbox 683 2436 803 2513; x_wconf 70' lang='lat' dir='ltr'><strong>leaena)</strong></span> <span class='ocrx_word' id='word_1_152' title='bbox 826 2437 906 2498; x_wconf 89' lang='lat' dir='ltr'><strong>circa</strong></span> <span class='ocrx_word' id='word_1_153' title='bbox 927 2437 1053 2497; x_wconf 77' lang='lat' dir='ltr'><strong>labrum.</strong></span> 
     </span>
    </p>

    <p class='ocr_par' dir='ltr' id='par_1_5' title="bbox 76 2533 1410 2916">
     <span class='ocr_line' id='line_1_18' title="bbox 116 2533 1410 2616; baseline 0 -23"><span class='ocrx_word' id='word_1_154' title='bbox 116 2533 182 2594; x_wconf 89' lang='lat' dir='ltr'><strong>Iam</strong></span> <span class='ocrx_word' id='word_1_155' title='bbox 213 2554 280 2595; x_wconf 90' lang='lat' dir='ltr'><strong>cum</strong></span> <span class='ocrx_word' id='word_1_156' title='bbox 308 2538 416 2596; x_wconf 86' lang='lat' dir='ltr'><strong>cistam</strong></span> <span class='ocrx_word' id='word_1_157' title='bbox 443 2555 641 2614; x_wconf 88' lang='lat' dir='ltr'><strong>proponerem</strong></span> <span class='ocrx_word' id='word_1_158' title='bbox 669 2539 701 2599; x_wconf 90' lang='lat' dir='ltr'><strong>in</strong></span> <span class='ocrx_word' id='word_1_159' title='bbox 729 2555 874 2599; x_wconf 88' lang='lat' dir='ltr'><strong>consessu</strong></span> <span class='ocrx_word' id='word_1_160' title='bbox 901 2539 1035 2598; x_wconf 84' lang='lat' dir='ltr'><strong>Instituti</strong></span> <span class='ocrx_word' id='word_1_161' title='bbox 1065 2535 1285 2616; x_wconf 86' lang='lat' dir='ltr'><strong>archaeologioi</strong></span> <span class='ocrx_word' id='word_1_162' title='bbox 1313 2534 1410 2611; x_wconf 82' lang='lat' dir='ltr'><strong>(Ball.</strong></span> 
     </span>
     <span class='ocr_line' id='line_1_19' title="bbox 78 2633 1410 2717; baseline 0 -22"><span class='ocrx_word' id='word_1_163' title='bbox 78 2635 141 2695; x_wconf 84' lang='lat' dir='ltr'><strong>dell’</strong></span> <span class='ocrx_word' id='word_1_164' title='bbox 164 2637 240 2697; x_wconf 74' lang='lat' dir='ltr'><strong>Istat.</strong></span> <span class='ocrx_word' id='word_1_165' title='bbox 266 2637 345 2698; x_wconf 75' lang='lat'>1872</span> <span class='ocrx_word' id='word_1_166' title='bbox 367 2657 397 2716; x_wconf 90' lang='lat' dir='ltr'><strong>p.</strong></span> <span class='ocrx_word' id='word_1_167' title='bbox 416 2638 505 2715; x_wconf 88' lang='grc'>107),</span> <span class='ocrx_word' id='word_1_168' title='bbox 532 2639 624 2698; x_wconf 87' lang='lat' dir='ltr'><strong>statui</strong></span> <span class='ocrx_word' id='word_1_169' title='bbox 650 2659 718 2700; x_wconf 89' lang='lat' dir='ltr'><strong>eum</strong></span> <span class='ocrx_word' id='word_1_170' title='bbox 744 2641 797 2717; x_wconf 87' lang='lat' dir='ltr'><strong>qai</strong></span> <span class='ocrx_word' id='word_1_171' title='bbox 823 2641 930 2700; x_wconf 83' lang='lat' dir='ltr'><strong>cistam</strong></span> <span class='ocrx_word' id='word_1_172' title='bbox 954 2640 1075 2701; x_wconf 81' lang='lat' dir='ltr'><strong>fecisset</strong></span> <span class='ocrx_word' id='word_1_173' title='bbox 1094 2640 1128 2698; x_wconf 91' lang='lat' dir='ltr'><strong>in</strong></span> <span class='ocrx_word' id='word_1_174' title='bbox 1148 2637 1259 2698; x_wconf 80' lang='lat' dir='ltr'><strong>sabulis</strong></span> <span class='ocrx_word' id='word_1_175' title='bbox 1282 2633 1410 2698; x_wconf 86' lang='lat' dir='ltr'><strong>Graecis</strong></span> 
     </span>
     <span class='ocr_line' id='line_1_20' title="bbox 76 2737 1410 2819; baseline 0.001 -25"><span class='ocrx_word' id='word_1_176' title='bbox 76 2756 133 2797; x_wconf 89' lang='lat' dir='ltr'><strong>non</strong></span> <span class='ocrx_word' id='word_1_177' title='bbox 154 2737 252 2798; x_wconf 85' lang='lat' dir='ltr'><strong>luisse</strong></span> <span class='ocrx_word' id='word_1_178' title='bbox 273 2746 434 2812; x_wconf 86' lang='lat' dir='ltr'><strong>versatum,</strong></span> <span class='ocrx_word' id='word_1_179' title='bbox 457 2739 512 2798; x_wconf 90' lang='lat' dir='ltr'><strong>sed</strong></span> <span class='ocrx_word' id='word_1_180' title='bbox 533 2741 687 2816; x_wconf 85' lang='lat' dir='ltr'><strong>expressis</strong></span> <span class='ocrx_word' id='word_1_181' title='bbox 709 2742 857 2819; x_wconf 85' lang='lat' dir='ltr'><strong>exemplis</strong></span> <span class='ocrx_word' id='word_1_182' title='bbox 879 2741 953 2802; x_wconf 84' lang='lat' dir='ltr'><strong>artis</strong></span> <span class='ocrx_word' id='word_1_183' title='bbox 968 2738 1103 2803; x_wconf 85' lang='lat' dir='ltr'><strong>Graecae</strong></span> <span class='ocrx_word' id='word_1_184' title='bbox 1121 2739 1274 2801; x_wconf 87' lang='lat' dir='ltr'><strong>nonnullis</strong></span> <span class='ocrx_word' id='word_1_185' title='bbox 1289 2738 1410 2798; x_wconf 89' lang='lat' dir='ltr'><strong>nomina</strong></span> 
     </span>
     <span class='ocr_line' id='line_1_21' title="bbox 77 2837 540 2916; baseline 0.013 -21"><span class='ocrx_word' id='word_1_186' title='bbox 77 2837 274 2916; x_wconf 79' lang='lat' dir='ltr'><strong>adscripsisse</strong></span> <span class='ocrx_word' id='word_1_187' title='bbox 295 2839 333 2900; x_wconf 92' lang='lat' dir='ltr'><strong>ad</strong></span> <span class='ocrx_word' id='word_1_188' title='bbox 354 2841 540 2913; x_wconf 67' lang='lat' dir='ltr'><strong>arbitrium.¹</strong></span> 
     </span>
    </p>
   </div>
   <div class='ocr_carea' id='block_1_5' title="bbox 75 3007 1300 3096">
    <p class='ocr_par' dir='ltr' id='par_1_6' title="bbox 75 3007 1300 3096">
     <span class='ocr_line' id='line_1_22' title="bbox 75 3007 1300 3096; baseline 0.002 -27"><span class='ocrx_word' id='word_1_189' title='bbox 75 3007 158 3070; x_wconf 76' lang='lat' dir='ltr'><strong>loss</strong></span> <span class='ocrx_word' id='word_1_190' title='bbox 180 3014 339 3090; x_wconf 88' lang='lat' dir='ltr'><strong>speculum</strong></span> <span class='ocrx_word' id='word_1_191' title='bbox 361 3023 511 3092; x_wconf 90' lang='lat' dir='ltr'><strong>repertum</strong></span> <span class='ocrx_word' id='word_1_192' title='bbox 533 3016 708 3092; x_wconf 86' lang='lat' dir='ltr'><strong>Praeneste,</strong></span> <span class='ocrx_word' id='word_1_193' title='bbox 729 3027 813 3078; x_wconf 86' lang='lat' dir='ltr'><strong>extat</strong></span> <span class='ocrx_word' id='word_1_194' title='bbox 833 3019 951 3091; x_wconf 63' lang='lat' dir='ltr'><strong>Minae</strong></span> <span class='ocrx_word' id='word_1_195' title='bbox 972 3017 1052 3096; x_wconf 86' lang='lat' dir='ltr'><strong>apud</strong></span> <span class='ocrx_word' id='word_1_196' title='bbox 1072 3015 1300 3076; x_wconf 86' lang='lat' dir='ltr'><strong>Martinettium.</strong></span> 
     </span>
    </p>
   </div>
   <div class='ocr_carea' id='block_1_6' title="bbox 680 3154 902 3278">
    <p class='ocr_par' dir='ltr' id='par_1_7' title="bbox 680 3154 902 3278">
     <span class='ocr_line' id='line_1_23' title="bbox 692 3154 891 3197; baseline 0 -1"><span class='ocrx_word' id='word_1_197' title='bbox 692 3154 794 3197; x_wconf 66' lang='lat' dir='ltr'><strong>lababo</strong></span> <span class='ocrx_word' id='word_1_198' title='bbox 808 3154 891 3196; x_wconf 62' lang='lat' dir='ltr'><strong>meam</strong></span> 
     </span>
     <span class='ocr_line' id='line_1_24' title="bbox 680 3237 902 3278; baseline 0 0"><span class='ocrx_word' id='word_1_199' title='bbox 680 3238 741 3278; x_wconf 77' lang='lat' dir='ltr'><strong>salla</strong></span> <span class='ocrx_word' id='word_1_200' title='bbox 754 3237 785 3278; x_wconf 83' lang='lat' dir='ltr'><strong>cd</strong></span> <span class='ocrx_word' id='word_1_201' title='bbox 798 3241 902 3278; x_wconf 71' lang='lat' dir='ltr'><strong>somena</strong></span> 
     </span>
    </p>
   </div>
   <div class='ocr_carea' id='block_1_7' title="bbox 698 3319 1186 3424">
    <p class='ocr_par' dir='ltr' id='par_1_8' title="bbox 698 3319 1186 3424">
     <span class='ocr_line' id='line_1_25' title="bbox 698 3319 886 3372; baseline 0.005 -13"><span class='ocrx_word' id='word_1_202' title='bbox 698 3319 768 3361; x_wconf 72' lang='lat' dir='ltr'><strong>vivida</strong></span> <span class='ocrx_word' id='word_1_203' title='bbox 782 3329 886 3372; x_wconf 67' lang='lat' dir='ltr'><strong>expresso</strong></span> 
     </span>
     <span class='ocr_line' id='line_1_26' title="bbox 1035 3375 1186 3424; baseline -0.013 -9"><span class='ocrx_word' id='word_1_204' title='bbox 1035 3375 1112 3424; x_wconf 75' lang='lat' dir='ltr'><strong>puelle</strong></span> <span class='ocrx_word' id='word_1_205' title='bbox 1124 3375 1186 3414; x_wconf 75' lang='lat' dir='ltr'><strong>aleas</strong></span> 
     </span>
    </p>
   </div>
   <div class='ocr_carea' id='block_1_8' title="bbox 165 3419 1341 3831">
    <p class='ocr_par' dir='ltr' id='par_1_9' title="bbox 742 3419 1341 3497">
     <span class='ocr_line' id='line_1_27' title="bbox 742 3419 1341 3497; baseline 0.012 -6"><span class='ocrx_word' id='word_1_206' title='bbox 742 3419 841 3462; x_wconf 54' lang='lat'><strong>*²4¹⁰</strong></span> <span class='ocrx_word' id='word_1_207' title='bbox 995 3454 1226 3497; x_wconf 64' lang='lat' dir='ltr'><strong>massenum</strong></span> <span class='ocrx_word' id='word_1_208' title='bbox 1312 3441 1341 3478; x_wconf 49' lang='grc' dir='ltr'><strong>θ’</strong></span> 
     </span>
    </p>

    <p class='ocr_par' dir='ltr' id='par_1_10' title="bbox 165 3505 1332 3590">
     <span class='ocr_line' id='line_1_28' title="bbox 165 3505 1332 3590; baseline 0.021 -33"><span class='ocrx_word' id='word_1_209' title='bbox 165 3539 189 3578; x_wconf 57' lang='lat'><strong>4„</strong></span> <span class='ocrx_word' id='word_1_210' title='bbox 204 3548 257 3590; x_wconf 52' lang='grc' dir='ltr'><strong>Μ,</strong></span> <span class='ocrx_word' id='word_1_211' title='bbox 389 3524 466 3574; x_wconf 70' lang='lat' dir='ltr'><strong>puello</strong></span> <span class='ocrx_word' id='word_1_212' title='bbox 479 3521 562 3564; x_wconf 61' lang='grc' dir='ltr'><strong>ἀίων</strong></span> <span class='ocrx_word' id='word_1_213' title='bbox 690 3523 752 3565; x_wconf 67' lang='lat' dir='ltr'><strong>cuiue</strong></span> <span class='ocrx_word' id='word_1_214' title='bbox 768 3523 793 3563; x_wconf 65' lang='lat'><strong>¹¹⁸</strong></span> <span class='ocrx_word' id='word_1_215' title='bbox 808 3523 891 3573; x_wconf 62' lang='lat' dir='ltr'><strong>amm</strong></span> <span class='ocrx_word' id='word_1_216' title='bbox 1002 3537 1134 3589; x_wconf 57' lang='lat' dir='ltr'><strong>chlamydem</strong></span> <span class='ocrx_word' id='word_1_217' title='bbox 1147 3539 1220 3578; x_wconf 69' lang='lat' dir='ltr'><strong>lmus</strong></span> <span class='ocrx_word' id='word_1_218' title='bbox 1307 3505 1332 3557; x_wconf 42' lang='grc' dir='ltr'><strong>ἓ)</strong></span> 
     </span>
    </p>

    <p class='ocr_par' dir='ltr' id='par_1_11' title="bbox 177 3601 1330 3672">
     <span class='ocr_line' id='line_1_29' title="bbox 177 3601 1330 3672; baseline 0.022 -30"><span class='ocrx_word' id='word_1_219' title='bbox 177 3627 243 3672; x_wconf 62' lang='lat' dir='ltr'><strong>„m</strong></span> <span class='ocrx_word' id='word_1_220' title='bbox 359 3606 436 3648; x_wconf 72' lang='lat' dir='ltr'><strong>vesstra</strong></span> <span class='ocrx_word' id='word_1_221' title='bbox 449 3610 472 3648; x_wconf 75' lang='lat' dir='ltr'><strong>se</strong></span> <span class='ocrx_word' id='word_1_222' title='bbox 483 3607 593 3657; x_wconf 63' lang='lat' dir='ltr'><strong>sexuum</strong></span> <span class='ocrx_word' id='word_1_223' title='bbox 680 3605 740 3648; x_wconf 71' lang='lat' dir='ltr'><strong>rasae</strong></span> <span class='ocrx_word' id='word_1_224' title='bbox 750 3607 826 3658; x_wconf 74' lang='lat' dir='ltr'><strong>puna</strong></span> <span class='ocrx_word' id='word_1_225' title='bbox 839 3605 902 3647; x_wconf 59' lang='grc' dir='ltr'><strong>πώ</strong></span> <span class='ocrx_word' id='word_1_226' title='bbox 1017 3633 1032 3663; x_wconf 74' lang='lat' dir='ltr'><strong>a</strong></span> <span class='ocrx_word' id='word_1_227' title='bbox 1045 3621 1111 3662; x_wconf 74' lang='lat' dir='ltr'><strong>som</strong></span> <span class='ocrx_word' id='word_1_228' title='bbox 1125 3619 1204 3671; x_wconf 65' lang='lat' dir='ltr'><strong>ameu-</strong></span> <span class='ocrx_word' id='word_1_229' title='bbox 1309 3601 1330 3657; x_wconf 68' lang='lat' dir='ltr'>S</span> 
     </span>
    </p>

    <p class='ocr_par' dir='ltr' id='par_1_12' title="bbox 175 3663 1331 3831">
     <span class='ocr_line' id='line_1_30' title="bbox 175 3663 1331 3790; baseline 0.017 -65"><span class='ocrx_word' id='word_1_230' title='bbox 175 3704 236 3746; x_wconf 58' lang='lat' dir='ltr'><strong>w,</strong></span> <span class='ocrx_word' id='word_1_231' title='bbox 439 3694 512 3731; x_wconf 75' lang='lat' dir='ltr'><strong>uam</strong></span> <span class='ocrx_word' id='word_1_232' title='bbox 695 3693 777 3730; x_wconf 77' lang='lat' dir='ltr'><strong>emoto</strong></span> <span class='ocrx_word' id='word_1_233' title='bbox 790 3688 884 3730; x_wconf 75' lang='lat' dir='ltr'><strong>ancillis</strong></span> <span class='ocrx_word' id='word_1_234' title='bbox 998 3705 1089 3753; x_wconf 62' lang='lat' dir='ltr'><strong>amem,</strong></span> <span class='ocrx_word' id='word_1_235' title='bbox 1100 3707 1220 3756; x_wconf 77' lang='lat' dir='ltr'><strong>preelmo</strong></span> <span class='ocrx_word' id='word_1_236' title='bbox 1309 3663 1331 3790; x_wconf 58' lang='grc' dir='ltr'><strong>ἓ</strong></span> 
     </span>
     <span class='ocr_line' id='line_1_31' title="bbox 431 3773 1139 3831; baseline 0.01 -2"><span class='ocrx_word' id='word_1_237' title='bbox 431 3788 515 3831; x_wconf 75' lang='lat' dir='ltr'><strong>auca</strong></span> <span class='ocrx_word' id='word_1_238' title='bbox 745 3773 837 3830; x_wconf 65' lang='lat' dir='ltr'><strong>tussa</strong></span> <span class='ocrx_word' id='word_1_239' title='bbox 1058 3785 1061 3788; x_wconf 82' lang='lat'>&#39;</span> <span class='ocrx_word' id='word_1_240' title='bbox 1079 3785 1139 3828; x_wconf 72' lang='lat' dir='ltr'><strong>mna</strong></span> 
     </span>
    </p>
   </div>
   <div class='ocr_carea' id='block_1_9' title="bbox 252 3891 1219 4053">
    <p class='ocr_par' dir='ltr' id='par_1_13' title="bbox 252 3891 1219 4053">
     <span class='ocr_line' id='line_1_32' title="bbox 512 3891 960 3968; baseline -0.007 -18"><span class='ocrx_word' id='word_1_241' title='bbox 512 3892 553 3950; x_wconf 83' lang='lat' dir='ltr'><strong>ad</strong></span> <span class='ocrx_word' id='word_1_242' title='bbox 573 3891 649 3950; x_wconf 81' lang='lat' dir='ltr'><strong>latua</strong></span> <span class='ocrx_word' id='word_1_243' title='bbox 668 3910 722 3967; x_wconf 85' lang='lat' dir='ltr'><strong>per</strong></span> <span class='ocrx_word' id='word_1_244' title='bbox 743 3892 960 3968; x_wconf 69' lang='lat' dir='ltr'><strong>longitudinem.-</strong></span> 
     </span>
     <span class='ocr_line' id='line_1_33' title="bbox 252 4003 1219 4053; baseline -0.006 -1"><span class='ocrx_word' id='word_1_245' title='bbox 252 4005 347 4052; x_wconf 82' lang='lat' dir='ltr'><strong>cslsra</strong></span> <span class='ocrx_word' id='word_1_246' title='bbox 362 4021 370 4036; x_wconf 93' lang='lat'><strong>·</strong></span> <span class='ocrx_word' id='word_1_247' title='bbox 387 4007 522 4053; x_wconf 63' lang='lat' dir='ltr'><strong>voveram</strong></span> <span class='ocrx_word' id='word_1_248' title='bbox 536 4022 543 4038; x_wconf 91' lang='lat'><strong>·</strong></span> <span class='ocrx_word' id='word_1_249' title='bbox 559 4007 634 4052; x_wconf 78' lang='lat' dir='ltr'><strong>sara</strong></span> <span class='ocrx_word' id='word_1_250' title='bbox 650 4021 657 4036; x_wconf 93' lang='lat'><strong>·</strong></span> <span class='ocrx_word' id='word_1_251' title='bbox 672 4009 750 4052; x_wconf 76' lang='lat' dir='ltr'><strong>aer·</strong></span> <span class='ocrx_word' id='word_1_252' title='bbox 767 4009 856 4051; x_wconf 76' lang='lat' dir='ltr'><strong>lvnro</strong></span> <span class='ocrx_word' id='word_1_253' title='bbox 871 4022 878 4036; x_wconf 93' lang='lat'><strong>·</strong></span> <span class='ocrx_word' id='word_1_254' title='bbox 895 4007 982 4050; x_wconf 73' lang='lat' dir='ltr'><strong>sario</strong></span> <span class='ocrx_word' id='word_1_255' title='bbox 997 4020 1004 4036; x_wconf 91' lang='lat'><strong>·</strong></span> <span class='ocrx_word' id='word_1_256' title='bbox 1019 4003 1099 4050; x_wconf 81' lang='lat' dir='ltr'><strong>aros</strong></span> <span class='ocrx_word' id='word_1_257' title='bbox 1115 4019 1122 4033; x_wconf 95' lang='lat'><strong>·</strong></span> <span class='ocrx_word' id='word_1_258' title='bbox 1139 4003 1196 4048; x_wconf 82' lang='lat' dir='ltr'><strong>aar</strong></span> <span class='ocrx_word' id='word_1_259' title='bbox 1212 4016 1219 4032; x_wconf 92' lang='lat'><strong>·</strong></span> 
     </span>
    </p>
   </div>
   <div class='ocr_carea' id='block_1_10' title="bbox 69 4105 1403 4678">
    <p class='ocr_par' dir='ltr' id='par_1_14' title="bbox 69 4105 1403 4678">
     <span class='ocr_line' id='line_1_34' title="bbox 73 4105 1401 4191; baseline -0.005 -24"><span class='ocrx_word' id='word_1_260' title='bbox 73 4105 226 4189; x_wconf 88' lang='lat' dir='ltr'><strong>Descripsi</strong></span> <span class='ocrx_word' id='word_1_261' title='bbox 247 4111 413 4188; x_wconf 82' lang='lat' dir='ltr'><strong>diligenter,</strong></span> <span class='ocrx_word' id='word_1_262' title='bbox 435 4131 508 4171; x_wconf 86' lang='lat' dir='ltr'><strong>mox</strong></span> <span class='ocrx_word' id='word_1_263' title='bbox 528 4111 690 4191; x_wconf 80' lang='lat' dir='ltr'><strong>recognovi</strong></span> <span class='ocrx_word' id='word_1_264' title='bbox 712 4130 780 4170; x_wconf 88' lang='lat' dir='ltr'><strong>cum</strong></span> <span class='ocrx_word' id='word_1_265' title='bbox 794 4111 950 4172; x_wconf 83' lang='lat' dir='ltr'><strong>Henzeno.</strong></span> <span class='ocrx_word' id='word_1_266' title='bbox 985 4109 1117 4189; x_wconf 85' lang='lat' dir='ltr'><strong>Figurae</strong></span> <span class='ocrx_word' id='word_1_267' title='bbox 1138 4107 1235 4167; x_wconf 89' lang='lat' dir='ltr'><strong>adhuc</strong></span> <span class='ocrx_word' id='word_1_268' title='bbox 1252 4106 1348 4164; x_wconf 81' lang='lat' dir='ltr'><strong>latent</strong></span> <span class='ocrx_word' id='word_1_269' title='bbox 1361 4121 1401 4162; x_wconf 86' lang='lat' dir='ltr'><strong>ex</strong></span> 
     </span>
     <span class='ocr_line' id='line_1_35' title="bbox 71 4202 1403 4292; baseline -0.008 -22"><span class='ocrx_word' id='word_1_270' title='bbox 71 4219 152 4284; x_wconf 79' lang='lat' dir='ltr'><strong>pane</strong></span> <span class='ocrx_word' id='word_1_271' title='bbox 178 4213 236 4271; x_wconf 92' lang='lat' dir='ltr'><strong>sub</strong></span> <span class='ocrx_word' id='word_1_272' title='bbox 263 4213 415 4292; x_wconf 81' lang='lat' dir='ltr'><strong>aerugine.</strong></span> <span class='ocrx_word' id='word_1_273' title='bbox 458 4213 617 4273; x_wconf 84' lang='lat' dir='ltr'><strong>Eiusmodi</strong></span> <span class='ocrx_word' id='word_1_274' title='bbox 642 4214 791 4290; x_wconf 88' lang='lat' dir='ltr'><strong>picturam</strong></span> <span class='ocrx_word' id='word_1_275' title='bbox 812 4232 872 4272; x_wconf 90' lang='lat' dir='ltr'><strong>non</strong></span> <span class='ocrx_word' id='word_1_276' title='bbox 894 4231 934 4271; x_wconf 86' lang='lat' dir='ltr'><strong>ex</strong></span> <span class='ocrx_word' id='word_1_277' title='bbox 955 4211 1067 4271; x_wconf 80' lang='lat' dir='ltr'><strong>fabulis</strong></span> <span class='ocrx_word' id='word_1_278' title='bbox 1087 4209 1259 4286; x_wconf 86' lang='lat' dir='ltr'><strong>repetitam,</strong></span> <span class='ocrx_word' id='word_1_279' title='bbox 1288 4203 1342 4263; x_wconf 92' lang='lat' dir='ltr'><strong>sed</strong></span> <span class='ocrx_word' id='word_1_280' title='bbox 1364 4202 1403 4260; x_wconf 90' lang='lat' dir='ltr'><strong>ad</strong></span> 
     </span>
     <span class='ocr_line' id='line_1_36' title="bbox 71 4308 1400 4390; baseline -0.002 -24"><span class='ocrx_word' id='word_1_281' title='bbox 71 4309 164 4386; x_wconf 90' lang='lat' dir='ltr'><strong>ipsam</strong></span> <span class='ocrx_word' id='word_1_282' title='bbox 184 4314 279 4373; x_wconf 83' lang='lat' dir='ltr'><strong>vitam</strong></span> <span class='ocrx_word' id='word_1_283' title='bbox 300 4314 493 4374; x_wconf 86' lang='lat' dir='ltr'><strong>domesticam</strong></span> <span class='ocrx_word' id='word_1_284' title='bbox 515 4315 721 4375; x_wconf 87' lang='lat' dir='ltr'><strong>adumbratam</strong></span> <span class='ocrx_word' id='word_1_285' title='bbox 742 4315 773 4374; x_wconf 90' lang='lat' dir='ltr'><strong>in</strong></span> <span class='ocrx_word' id='word_1_286' title='bbox 795 4312 925 4390; x_wconf 90' lang='lat' dir='ltr'><strong>speculis</strong></span> <span class='ocrx_word' id='word_1_287' title='bbox 946 4312 1046 4370; x_wconf 86' lang='lat' dir='ltr'><strong>adhue</strong></span> <span class='ocrx_word' id='word_1_288' title='bbox 1066 4329 1127 4369; x_wconf 89' lang='lat' dir='ltr'><strong>non</strong></span> <span class='ocrx_word' id='word_1_289' title='bbox 1147 4308 1346 4367; x_wconf 89' lang='lat' dir='ltr'><strong>habebamus.</strong></span> <span class='ocrx_word' id='word_1_290' title='bbox 1361 4333 1400 4346; x_wconf 91' lang='lat'>-</span> 
     </span>
     <span class='ocr_line' id='line_1_37' title="bbox 71 4405 1401 4493; baseline -0.007 -23"><span class='ocrx_word' id='word_1_291' title='bbox 71 4405 171 4472; x_wconf 85' lang='lat' dir='ltr'><strong>Lectio</strong></span> <span class='ocrx_word' id='word_1_292' title='bbox 194 4423 279 4474; x_wconf 80' lang='lat' dir='ltr'><strong>cerm</strong></span> <span class='ocrx_word' id='word_1_293' title='bbox 298 4425 344 4475; x_wconf 89' lang='lat' dir='ltr'><strong>est</strong></span> <span class='ocrx_word' id='word_1_294' title='bbox 364 4416 515 4490; x_wconf 83' lang='lat' dir='ltr'><strong>universa,</strong></span> <span class='ocrx_word' id='word_1_295' title='bbox 536 4416 597 4476; x_wconf 92' lang='lat' dir='ltr'><strong>nisi</strong></span> <span class='ocrx_word' id='word_1_296' title='bbox 617 4415 698 4493; x_wconf 89' lang='lat' dir='ltr'><strong>quod</strong></span> <span class='ocrx_word' id='word_1_297' title='bbox 719 4416 752 4474; x_wconf 89' lang='lat' dir='ltr'><strong>in</strong></span> <span class='ocrx_word' id='word_1_298' title='bbox 772 4413 966 4492; x_wconf 88' lang='lat' dir='ltr'><strong>inscriptione</strong></span> <span class='ocrx_word' id='word_1_299' title='bbox 989 4413 1027 4471; x_wconf 88' lang='lat' dir='ltr'><strong>ad</strong></span> <span class='ocrx_word' id='word_1_300' title='bbox 1044 4412 1123 4470; x_wconf 92' lang='lat' dir='ltr'><strong>latus</strong></span> <span class='ocrx_word' id='word_1_301' title='bbox 1138 4409 1239 4486; x_wconf 88' lang='lat' dir='ltr'><strong>posita</strong></span> <span class='ocrx_word' id='word_1_302' title='bbox 1252 4405 1333 4465; x_wconf 85' lang='lat' dir='ltr'><strong>tertii</strong></span> <span class='ocrx_word' id='word_1_303' title='bbox 1348 4421 1401 4462; x_wconf 88' lang='lat' dir='ltr'><strong>vo·</strong></span> 
     </span>
     <span class='ocr_line' id='line_1_38' title="bbox 70 4504 1398 4592; baseline -0.006 -21"><span class='ocrx_word' id='word_1_304' title='bbox 70 4514 164 4574; x_wconf 82' lang='lat' dir='ltr'><strong>eubuli</strong></span> <span class='ocrx_word' id='word_1_305' title='bbox 191 4517 322 4592; x_wconf 87' lang='lat' dir='ltr'><strong>primum</strong></span> <span class='ocrx_word' id='word_1_306' title='bbox 346 4517 527 4576; x_wconf 89' lang='lat' dir='ltr'><strong>elementum</strong></span> <span class='ocrx_word' id='word_1_307' title='bbox 548 4525 601 4576; x_wconf 88' lang='lat' dir='ltr'><strong>aut</strong></span> <span class='ocrx_word' id='word_1_308' title='bbox 622 4524 669 4576; x_wconf 88' lang='lat' dir='ltr'><strong>est</strong></span> <span class='ocrx_word' id='word_1_309' title='bbox 689 4525 724 4576; x_wconf 88' lang='lat' dir='ltr'><strong>ut</strong></span> <span class='ocrx_word' id='word_1_310' title='bbox 744 4515 812 4578; x_wconf 90' lang='lat' dir='ltr'><strong>dedi</strong></span> <span class='ocrx_word' id='word_1_311' title='bbox 834 4521 887 4573; x_wconf 85' lang='lat' dir='ltr'><strong>aut</strong></span> <span class='ocrx_word' id='word_1_312' title='bbox 907 4515 952 4574; x_wconf 91' lang='lat' dir='ltr'><strong>sio</strong></span> <span class='ocrx_word' id='word_1_313' title='bbox 972 4529 1001 4585; x_wconf 73' lang='grc' dir='ltr'><strong>[ς</strong></span> <span class='ocrx_word' id='word_1_314' title='bbox 1027 4512 1099 4572; x_wconf 83' lang='lat' dir='ltr'><strong>item</strong></span> <span class='ocrx_word' id='word_1_315' title='bbox 1120 4509 1240 4587; x_wconf 88' lang='lat' dir='ltr'><strong>septimi</strong></span> <span class='ocrx_word' id='word_1_316' title='bbox 1262 4504 1398 4567; x_wconf 86' lang='lat' dir='ltr'><strong>vocabuli</strong></span> 
     </span>
     <span class='ocr_line' id='line_1_39' title="bbox 69 4616 733 4678; baseline 0.006 -5"><span class='ocrx_word' id='word_1_317' title='bbox 69 4616 232 4676; x_wconf 83' lang='lat' dir='ltr'><strong>secundum</strong></span> <span class='ocrx_word' id='word_1_318' title='bbox 254 4618 434 4677; x_wconf 88' lang='lat' dir='ltr'><strong>elementum</strong></span> <span class='ocrx_word' id='word_1_319' title='bbox 456 4627 510 4677; x_wconf 87' lang='lat' dir='ltr'><strong>aut</strong></span> <span class='ocrx_word' id='word_1_320' title='bbox 530 4633 550 4677; x_wconf 92' lang='grc' dir='ltr'>τ</span> <span class='ocrx_word' id='word_1_321' title='bbox 572 4627 619 4678; x_wconf 89' lang='lat' dir='ltr'><strong>est</strong></span> <span class='ocrx_word' id='word_1_322' title='bbox 640 4628 694 4677; x_wconf 88' lang='lat' dir='ltr'><strong>aut</strong></span> <span class='ocrx_word' id='word_1_323' title='bbox 714 4630 733 4677; x_wconf 86' lang='lat'><strong>1.</strong></span> 
     </span>
    </p>
   </div>
   <div class='ocr_carea' id='block_1_11' title="bbox 68 4783 1401 4994">
    <p class='ocr_par' dir='ltr' id='par_1_15' title="bbox 68 4783 1401 4994">
     <span class='ocr_line' id='line_1_40' title="bbox 68 4783 1401 4871; baseline -0.004 -25"><span class='ocrx_word' id='word_1_324' title='bbox 68 4785 153 4849; x_wconf 77' lang='lat' dir='ltr'><strong>lese</strong></span> <span class='ocrx_word' id='word_1_325' title='bbox 179 4791 218 4849; x_wconf 90' lang='lat' dir='ltr'><strong>Iu</strong></span> <span class='ocrx_word' id='word_1_326' title='bbox 244 4791 335 4864; x_wconf 83' lang='lat' dir='ltr'><strong>cista,</strong></span> <span class='ocrx_word' id='word_1_327' title='bbox 357 4810 447 4870; x_wconf 90' lang='lat' dir='ltr'><strong>quam</strong></span> <span class='ocrx_word' id='word_1_328' title='bbox 474 4810 567 4871; x_wconf 88' lang='lat' dir='ltr'><strong>supra</strong></span> <span class='ocrx_word' id='word_1_329' title='bbox 588 4811 618 4871; x_wconf 94' lang='lat' dir='ltr'><strong>p.</strong></span> <span class='ocrx_word' id='word_1_330' title='bbox 636 4792 674 4851; x_wconf 87' lang='lat'><strong>14</strong></span> <span class='ocrx_word' id='word_1_331' title='bbox 696 4790 791 4862; x_wconf 87' lang='lat' dir='ltr'><strong>edidi,</strong></span> <span class='ocrx_word' id='word_1_332' title='bbox 817 4796 923 4869; x_wconf 86' lang='lat' dir='ltr'><strong>postea</strong></span> <span class='ocrx_word' id='word_1_333' title='bbox 943 4788 1031 4849; x_wconf 87' lang='lat' dir='ltr'><strong>etiam</strong></span> <span class='ocrx_word' id='word_1_334' title='bbox 1054 4789 1093 4850; x_wconf 90' lang='lat' dir='ltr'><strong>ad</strong></span> <span class='ocrx_word' id='word_1_335' title='bbox 1114 4789 1239 4867; x_wconf 88' lang='lat' dir='ltr'><strong>liguram</strong></span> <span class='ocrx_word' id='word_1_336' title='bbox 1259 4783 1401 4846; x_wconf 86' lang='lat' dir='ltr'><strong>Herculis</strong></span> 
     </span>
     <span class='ocr_line' id='line_1_41' title="bbox 106 4877 1030 4994; baseline 0.001 -44"><span class='ocrx_word' id='word_1_337' title='bbox 106 4909 218 4952; x_wconf 88' lang='lat' dir='ltr'><strong>nomen</strong></span> <span class='ocrx_word' id='word_1_338' title='bbox 238 4891 424 4973; x_wconf 73' lang='lat' dir='ltr'><strong>adscriptum</strong></span> <span class='ocrx_word' id='word_1_339' title='bbox 445 4891 503 4954; x_wconf 91' lang='lat' dir='ltr'><strong>sub</strong></span> <span class='ocrx_word' id='word_1_340' title='bbox 524 4895 667 4973; x_wconf 81' lang='lat' dir='ltr'><strong>aerugine</strong></span> <span class='ocrx_word' id='word_1_341' title='bbox 687 4892 801 4972; x_wconf 87' lang='lat' dir='ltr'><strong>prodiit</strong></span> <span class='ocrx_word' id='word_1_342' title='bbox 821 4893 866 4952; x_wconf 89' lang='lat' dir='ltr'><strong>sic</strong></span> <span class='ocrx_word' id='word_1_343' title='bbox 886 4877 1030 4994; x_wconf 55' lang='lat' dir='ltr'><strong>nmlcal.</strong></span> 
     </span>
    </p>
   </div>
   <div class='ocr_carea' id='block_1_12' title="bbox 149 5006 1357 5072">
    <p class='ocr_par' dir='ltr' id='par_1_16' title="bbox 149 5006 1357 5072">
     <span class='ocr_line' id='line_1_42' title="bbox 149 5006 1357 5072; baseline -0.007 -2"><span class='ocrx_word' id='word_1_344' title='bbox 149 5008 276 5072; x_wconf 83' lang='lat' dir='ltr'><strong>Romae.</strong></span> <span class='ocrx_word' id='word_1_345' title='bbox 1153 5009 1198 5068; x_wconf 83' lang='lat' dir='ltr'><strong>W.</strong></span> <span class='ocrx_word' id='word_1_346' title='bbox 1222 5006 1357 5068; x_wconf 82' lang='lat' dir='ltr'><strong>Hsumo.</strong></span> 
     </span>
    </p>
   </div>
   <div class='ocr_carea' id='block_1_13' title="bbox 532 5149 940 5160">
    <p class='ocr_par' dir='ltr' id='par_1_17' title="bbox 532 5149 940 5160">
     <span class='ocr_line' id='line_1_43' title="bbox 532 5149 940 5160; baseline -0.002 -1"><span class='ocrx_word' id='word_1_347' title='bbox 532 5149 940 5160; x_wconf 58' lang='lat' dir='ltr'><strong>ffl—</strong></span> 
     </span>
    </p>
   </div>
   <div class='ocr_carea' id='block_1_14' title="bbox 1137 5183 1172 5241">
    <p class='ocr_par' dir='ltr' id='par_1_18' title="bbox 1137 5183 1172 5241">
     <span class='ocr_line' id='line_1_44' title="bbox 1137 5183 1172 5241; baseline 0.029 -1"><span class='ocrx_word' id='word_1_348' title='bbox 1137 5183 1172 5241; x_wconf 89' lang='lat'><strong>11</strong></span> 
     </span>
    </p>
   </div>
   <div class='ocr_carea' id='block_1_15' title="bbox 0 0 1796 5956">
    <p class='ocr_par' dir='ltr' id='par_1_19' title="bbox 0 0 1796 5956">
     <span class='ocr_line' id='line_1_45' title="bbox 0 0 1796 5956; baseline 0 4"><span class='ocrx_word' id='word_1_349' title='bbox 0 0 1796 5956; x_wconf 95' lang='lat' dir='ltr'><strong> </strong></span> 
     </span>
    </p>
   </div>
  </div>
 </body>
</html>
