3546 5950
358 561 431 632 120
929 573 1106 628 nouusuu

355 747 498 809 'mutilata
518 749 615 807 adhue
640 748 779 818 cernitur,
805 765 882 825 quae
908 765 975 805 oum
1002 747 1114 807 sacello
1140 747 1171 806 in
1193 763 1268 806 usus
1289 745 1437 804 humanos
1460 755 1509 804 est
1528 761 1661 803 conversa

354 847 410 909 'lbi
431 859 529 910 antem
550 849 696 927 proximis
717 849 823 908 diebus
844 848 987 908 effossum
1009 856 1055 908 est
1075 848 1233 908 marmoris
1255 847 1392 920 frustum,
1414 844 1497 923 quod
1518 845 1548 904 in
1562 845 1663 904 lrontis·

354 947 441 1026 ‘pioio
463 951 596 1010 eiusdem
621 951 725 1028 templi
751 950 845 1008 luisse
871 950 1059 1009 arbitramur.
1102 950 1138 1008 In
1160 967 1235 1026 qno,
1262 966 1355 1009 sonan
1371 946 1563 1026 imperfecto,
1586 946 1664 1004 ineisa
1700 1007 1702 1010 ,

355 1047 449 1113 ‘erant
468 1051 542 1111 haee
563 1046 677 1110 verba’:

662 1185 728 1227 Avo
743 1198 751 1214 ·
766 1184 830 1227 ΡΟΝ
846 1197 853 1212 ·
868 1184 934 1228 MAI(
950 1196 957 1213 ·
973 1184 1088 1227 nutavit

662 1285 785 1330 CENSOR
807 1284 866 1330 COS
889 1285 965 1328 VIII·

661 1385 848 1429 AN'IONINVS
864 1387 901 1428 l’ll
913 1399 920 1415 ·
932 1386 1017 1430 AVGG
1029 1399 1036 1415 ·
1049 1385 1165 1430 astices
1182 1385 1365 1430 restitvat!

358 1488 440 1549 Nam
461 1507 528 1550 cum
550 1489 654 1548 titulos
676 1489 728 1566 qui
750 1495 822 1548 snut
841 1503 964 1550 causon
978 1499 1040 1548 cos
1053 1505 1106 1547 νιιι
1128 1508 1216 1549 nemo
1237 1487 1375 1547 habuerit
1396 1488 1457 1547 nisi
1480 1485 1664 1564 Vespasianus

355 1600 386 1650 et
410 1591 515 1664 Titus,
543 1599 606 1648 tum
626 1589 834 1667 Vespasianus
862 1592 966 1649 eodem
993 1597 1128 1666 tempore
1154 1590 1212 1650 luit
1237 1592 1310 1669 imp.
1336 1587 1465 1662 XVIII,
1493 1605 1551 1665 quo
1578 1587 1664 1648 consul

355 1699 504 1750 octavum.
554 1689 644 1764 Quod
671 1710 742 1751 vero
767 1691 946 1750 Marlianius
972 1691 1005 1750 iu
1030 1692 1118 1750 initio
1144 1710 1284 1752 versuum
1307 1691 1326 1749 2
1352 1699 1384 1749 et
1409 1691 1426 1749 3
1457 1690 1571 1748 litteras
1597 1689 1664 1764 ponit

357 1806 417 1851 cere
440 1798 471 1850 et
490 1807 548 1864 ΑΝ,
575 1809 650 1868 quas
673 1791 859 1853 Grimaldius
882 1800 1008 1852 testatur
1029 1794 1126 1853 luisse
1147 1794 1179 1852 in
1200 1793 1324 1852 alterius
1345 1791 1508 1867 fragmenti
1528 1791 1597 1862 due,
1618 1809 1663 1847 non

355 1892 474 1951 videtur
495 1894 623 1966 obstare,
645 1912 711 1952 oum
731 1894 907 1953 Marlianius
929 1911 982 1953 eas
1003 1894 1147 1954 facillime
1168 1893 1299 1970 potuerit
1319 1891 1441 1952 addere.
1479 1891 1574 1952 'I'otus
1593 1891 1664 1968 Igitur

356 1993 460 2053 titulus
483 1995 528 2053 aio
548 1993 667 2053 videtur
686 1995 803 2054 restitui
826 2012 933 2073 posse:

521 2129 572 2182 trup.
594 2139 650 2172 aues.
671 2128 857 2172 uSt'ASIANaS
879 2142 888 2160 ·
907 2129 972 2174 Avo
994 2143 1001 2160 ·
1024 2128 1099 2172 PONt
1119 2142 1127 2158 ·
1149 2130 1215 2173 ΜΑΧ
1236 2142 1244 2158 ·
1267 2129 1381 2172 TRIBVN
1405 2135 1455 2182 pot.
1477 2129 1525 2170 atili·

667 2229 713 2270 tm?
736 2243 743 2258 ·
767 2230 840 2271 xvtu
863 2243 871 2258 ·
893 2231 909 2272 P
931 2243 938 2260 ·
962 2231 978 2272 P
1001 2242 1008 2259 ·
1030 2228 1154 2273 CENSOR
1176 2244 1183 2258 ·
1207 2228 1268 2272 COS
1291 2243 1298 2258 ·
1321 2230 1373 2272 vru

520 2367 588 2419 impp.
599 2377 669 2409 caasa
680 2366 1526 2416 mvnvs-ErumTONtuvs·r1ravoouaucssrausrttvtae

355 2465 491 2543 Apparet
512 2485 577 2526 esse
599 2468 719 2527 titulum
740 2468 871 2528 aedificii
892 2469 1046 2530 cuiusdam
1067 2488 1087 2529 a
1100 2469 1293 2549 Vespasiano
1314 2470 1403 2541 iacti,
1425 2488 1446 2528 a
1469 2467 1606 2546 Septimio
1624 2463 1663 2524 Se

356 2583 426 2624 vero
454 2573 485 2624 et
506 2565 665 2628 Caracallo
690 2571 832 2630 restituti.
876 2568 1036 2643 Quodnam
1061 2571 1151 2630 luerit
1176 2571 1321 2632 incertum
1348 2570 1498 2646 relinquo.
1546 2565 1661 2646 Cogitavi

357 2666 394 2723 de
422 2667 533 2742 templo
555 2668 645 2728 PaoIs
672 2667 898 2748 aVespasiano
921 2679 1089 2744 exstructo,
1116 2691 1184 2732 cum
1205 2680 1365 2749 utrumque
1386 2671 1582 2747 fragmentum
1600 2665 1662 2726 haul

356 2763 446 2842 longe
467 2767 506 2825 ab
527 2769 592 2826 eins
614 2768 681 2827 looo
701 2780 854 2848 repertum
876 2771 924 2831 sit.
960 2771 1066 2848 Neque
1087 2773 1285 2851 improbabile
1305 2782 1353 2832 est
1373 2772 1405 2831 id
1425 2773 1592 2832 restitutum
1610 2786 1661 2826 esse

357 2883 376 2923 a
395 2864 540 2942 Septimio
562 2865 685 2942 Severo,
706 2889 774 2929 oum
795 2872 1005 2950 deflagraverit
1021 2871 1189 2933 Commodo
1209 2881 1363 2952 regnante,
1386 2875 1440 2934 sed
1463 2874 1592 2951 pluribus
1610 2885 1662 2928 sae·

356 2965 433 3025 eulis
454 2975 526 3044 post
539 2969 692 3029 etiamtum
707 2973 772 3031 eius
787 2974 899 3032 mentio
914 2972 1067 3033 inferatur.
1103 2976 1147 3034 At
1161 2973 1279 3034 ridetur
1292 2976 1508 3053 impedimento
1523 2968 1661 3047 essequod

357 3064 481 3128 Cassius
495 3068 557 3128 Dio
573 3069 623 3143 66,
641 3072 679 3131 15
701 3081 805 3131 narrat
824 3072 968 3151 templum
984 3075 1076 3134 Paois
1098 3071 1146 3151 (ιδ
1168 3077 1219 3146 τῆς
1239 3065 1354 3158 Εἰρήνης
1373 3067 1501 3154 τέμενος)
1521 3073 1661 3134 dedicaturi

356 3184 424 3228 esse
445 3187 473 3229 a.
489 3170 539 3242 75,
560 3172 716 3248 inscriptio
738 3190 809 3232 voro
829 3174 885 3234 illa
905 3182 954 3234 est
974 3177 1044 3235 anni
1060 3175 1109 3236 78.
1145 3175 1277 3238 Videant
1296 3176 1389 3257 igitur
1409 3174 1587 3256 topograpbi
1605 3187 1658 3229 num

355 3269 404 3328 oui
425 3270 478 3330 alii
499 3273 566 3333 aedi
587 3274 784 3351 probabiliter
805 3275 927 3334 attribui
948 3278 1056 3352 possit.

920 3525 1123 3536 nnn—...m—

1008 3747 1036 3804 3.

438 3854 625 3917 Notiasimus
650 3866 697 3919 est
721 3860 828 3920 titulus
853 3863 961 3939 ingena
986 3863 1100 3924 fraotus
1121 3864 1229 3925 littoris
1254 3865 1325 3926 olim
1346 3883 1415 3925 aare
1436 3863 1569 3944 repletis,
1587 3873 1657 3935 quen

356 3975 435 4017 nuno
455 3963 605 4017 extantem
619 3958 735 4018 Romae
755 3962 786 4019 in
808 3962 896 4022 domo
910 3961 1090 4024 Barbarinia
1109 3973 1259 4044 repertum
1279 3984 1347 4026 esse
1368 3987 1396 4027 a.
1414 3966 1492 4026 1611
1515 3966 1545 4023 in
1565 3961 1608 4019 ria
1623 3955 1659 4014 dal

357 4076 438 4118 corso
462 4059 494 4116 in
520 4058 586 4117 loro
607 4059 730 4120 Seiam
757 4068 884 4123 testatur
907 4064 1071 4124 Martiaelli
1097 4065 1190 4126 Roma
1210 4070 1352 4128 riosreata
1377 4087 1407 4144 p.
1426 4066 1484 4125 108
1511 4064 1555 4124 ed.
1573 4061 1659 4120 venet

359 4159 438 4220 1766
464 4159 513 4220 his
534 4159 648 4220 verbis:
678 4159 774 4220 Panno
795 4161 872 4224 1641
897 4168 1070 4225 seuvaudosi
1094 4170 1124 4225 iu
1146 4169 1224 4231 detta
1241 4172 1346 4247 platta
1367 4166 1524 4244 (Seiana)
1538 4167 1574 4241 fu
1592 4162 1659 4217 ritro-

356 4271 421 4319 auto
441 4279 480 4320 uu
497 4264 630 4338 pietroae
650 4262 682 4319 dt
701 4280 819 4321 amnuo.
862 4263 941 4325 Ilum
963 4266 1111 4343 descripsi
1133 4268 1192 4327 sio:

905 4391 954 4450 ΤΙ
979 4413 986 4428 ·
1009 4391 1137 4452 ctav
1168 4384 1171 4390 ’

947 4479 951 4486 ’
1010 4494 1137 4553 avet

905 4605 959 4651 ro
974 4610 995 4651 u
1009 4610 1048 4652 τι
1064 4611 1080 4652 r
1095 4611 1103 4651 ι
1118 4611 1138 4653 c

947 4707 1007 4752 cos
1021 4722 1028 4737 ·
1043 4701 1087 4751 v·
1104 4711 1139 4752 ιιι

905 4807 1043 4852 srunrvs
1068 4822 1076 4837 ·
1103 4811 1118 4852 r

948 4909 1040 4955 arona
1055 4923 1062 4937 ·
1076 4910 1113 4951 aa

940 5009 1126 5072 ιιιιιιιιιιετιι

906 5108 1084 5165 nrurrszr.
1103 5123 1110 5137 ·
1129 5110 1136 5150 ι

907 5191 1110 5253 erlinus-rubr
