3546 5950
563 630 613 680 na
632 630 778 684 u1nvn1s
798 632 954 685 annom.
1350 625 1420 695 115

99 798 155 857 sibi
177 797 297 856 ridetur
318 797 494 857 certissimis
516 799 711 874 argumentis,
732 799 796 858 fieri
818 820 878 861 non
899 821 999 881 posse,
1021 813 1053 864 ut
1067 817 1136 868 ante
1149 809 1279 872 Neronis
1294 824 1421 879 aetatem

99 897 199 958 titulus
220 899 407 974 compositus
429 899 478 957 sit.
521 899 559 957 In
580 899 743 958 Philistore
764 900 842 960 enim
864 904 923 962 vol.
938 904 984 964 IV
1005 926 1035 984 p.
1051 908 1110 968 333
1133 911 1237 973 titulus
1259 925 1306 976 est
1324 919 1421 981 Thra-

98 999 174 1075 syllo
200 999 344 1058 archonte
371 999 570 1077 compositus,
598 1019 686 1077 quem
708 1018 787 1059 anno
808 1001 844 1061 61
861 1021 891 1079 p.
908 1002 979 1064 Chr.
1001 1025 1037 1064 eo
1058 1029 1180 1071 munere
1199 1015 1332 1079 iunctum
1353 1039 1421 1082 esse

97 1100 230 1176 Phlegon
257 1099 294 1158 de
320 1099 385 1159 mir.
412 1119 438 1159 c.
454 1099 494 1158 20
521 1100 620 1159 tradit.
663 1100 757 1161 Recte
781 1103 874 1180 igitur
899 1103 1101 1168 Neubauerus
1126 1112 1206 1172 hunc
1231 1119 1348 1180 titulum
1374 1125 1421 1184 illi

98 1219 172 1260 auno
187 1201 300 1272 tribuit,
322 1220 411 1278 quem
425 1219 482 1277 ego
504 1200 647 1277 (Hermes
661 1203 678 1260 I
691 1221 721 1278 p
734 1202 808 1278 418)
830 1203 908 1262 inter
920 1204 1051 1269 Neronis
1064 1211 1253 1289 adoptionem
1268 1228 1299 1280 et
1313 1220 1422 1286 Claudi

98 1311 220 1361 mortem
235 1302 380 1378 scriptum
394 1310 566 1361 statueram.
601 1302 704 1361 Motus
723 1321 804 1362 eram
819 1304 874 1377 eis,
895 1322 972 1382 quae
985 1308 1071 1369 initio
1086 1313 1198 1392 scripta
1209 1328 1279 1378 sunt
1296 1317 1423 1404 Ἀγοθῇ

97 1394 171 1478 τύχῃ
193 1394 339 1458 Κλαυδίου
362 1395 507 1518 ιιαέταρος
527 1395 689 1467 Σεβαστου
706 1407 878 1485 Γερμανικοῦ
904 1397 1001 1476 νεέκης.
1047 1409 1133 1484 Quae
1156 1420 1301 1480 vocabula
1327 1426 1354 1484 gi
1379 1428 1422 1487 im

99 1503 207 1579 scripta
233 1512 336 1562 essent
361 1501 528 1580 inlepide,
556 1513 679 1581 propter
704 1504 848 1564 omissum
874 1525 1056 1583 praenomen
1076 1532 1137 1574 non
1158 1530 1284 1593 possent
1303 1525 1364 1584 nisi
1384 1529 1422 1588 sd

99 1601 255 1662 Claudium
277 1604 391 1676 referri,
413 1622 506 1681 quare
524 1605 615 1663 ineis
631 1603 842 1666 Neubauarum
857 1625 917 1667 non
931 1608 1091 1672 offendisse
1105 1615 1207 1676 miror.
1243 1619 1304 1682 Sed
1317 1624 1422 1688 Koch.

98 1704 149 1762 leri
169 1705 387 1782 apographum,
409 1706 490 1781 quod
511 1705 618 1778 habeo,
641 1715 709 1764 ante
723 1698 868 1764 Κλαυδίου
891 1709 1008 1770 circiter
1028 1731 1135 1774 novem
1152 1717 1268 1780 litteras
1284 1731 1421 1788 consulto

98 1804 205 1864 deletas
234 1822 301 1866 ease
325 1804 452 1877 indicat,
479 1804 581 1880 ibique
602 1795 723 1888 Νέρωνος
747 1824 911 1884 pronomen
938 1812 1083 1886 scriptum
1109 1816 1199 1878 fuerit
1222 1840 1345 1886 necesse
1366 1841 1421 1890 est.

99 1901 174 1964 Sane
194 1925 225 1963 v.
243 1905 261 1964 3
282 1896 403 1988 Νέρωνος
424 1913 574 1964 servatum
595 1912 651 1978 est,
675 1905 718 1965 ita
738 1915 771 1965 ut
791 1907 818 1966 is
840 1911 892 1984 qui
914 1909 989 1970 illud
1010 1914 1131 1989 delevit,
1151 1919 1209 1978 hoc
1228 1941 1289 1982 nou
1312 1928 1422 1991 vidisse

98 2005 239 2064 videatur.
282 2004 319 2064 In
346 2004 405 2064 hoo
429 2005 522 2083 igitur
549 2006 638 2066 titulo
657 2007 706 2066 Ti.
730 2005 875 2067 Claudius
899 2009 1018 2072 Novius
1045 2016 1167 2091 quidam
1193 2016 1353 2104 στρατηγοὶ
1377 2021 1422 2088 ἐπὶ

97 2099 160 2167 rade
183 2097 320 2166 iubricae
343 2128 374 2164 το
366 2093 500 2182 ογδοον
526 2106 644 2166 dieitur.
687 2107 772 2168 Idem
797 2127 868 2168 vero
896 2112 927 2169 in
951 2113 1147 2192 inscriptione
1172 2122 1253 2197 apud
1278 2124 1422 2190 Roscium

99 2206 133 2264 de
156 2206 256 2266 demis
283 2227 316 2287 ιι.
332 2207 387 2266 141
417 2229 577 2290 ποετηγος
603 2197 648 2266 ἔπι
674 2201 742 2268 rode
762 2202 894 2271 inanime
919 2221 1054 2288 vocatur,
1081 2234 1142 2276 ιιοιι
1168 2219 1271 2282 addito
1297 2246 1423 2291 numero

98 2307 283 2368 iterationem
309 2275 472 2368 indicante.
523 2307 623 2382 Quare
652 2327 720 2368 cum
748 2309 911 2372 verisimile
936 2314 990 2386 sit,
1022 2316 1100 2377 huuc
1129 2319 1249 2382 titulum
1277 2344 1313 2387 eo
1342 2347 1422 2392 anno

98 2410 296 2487 compositum
322 2428 404 2482 esse,
430 2427 492 2486 quo
513 2409 564 2468 ille
582 2413 708 2487 primm
728 2419 850 2487 praetor
870 2414 1017 2491 fuent1)
1046 2435 1174 2495 cumque
1193 2423 1254 2483 iam
1275 2432 1424 2508 magnitu

99 2509 162 2569 diue
184 2512 306 2570 numeri
327 2511 483 2587 probabile
505 2510 571 2585 fiat,
598 2529 657 2570 non
679 2511 859 2573 intermissis
880 2515 1059 2590 quibusdam
1080 2521 1182 2596 anuis,
1209 2526 1262 2585 sed
1283 2529 1424 2612 deinceps

99 2612 208 2671 octiens
232 2631 303 2671 eum
323 2619 465 2688 praetura
485 2611 617 2672 iunctum
639 2630 722 2685 esse,
744 2614 849 2672 titulus
870 2614 1038 2678 Rossiauus
1060 2619 1099 2678 ad
1119 2638 1231 2684 annum
1251 2627 1335 2708 etp.
1351 2630 1422 2693 Ohr.

99 2711 268 2772 referendus
289 2714 416 2774 videtur.
459 2714 496 2772 Iu
517 2713 575 2772 hoc
596 2713 684 2772 titulo
706 2713 797 2791 igitur
825 2707 1014 2790 ἀγωνοθέτης
1033 2721 1164 2802 πρῶτος
1184 2727 1240 2782 τοῖν
1260 2722 1425 2796 Σοβασηωμ

99 2805 214 2888 ιιγοινων
239 2823 298 2874 est.
341 2813 443 2888 Quare
470 2833 538 2873 cum
562 2812 637 2871 illud
662 2814 852 2890 plebiscitum
873 2810 1059 2891 ἀγωνοθέτην
1080 2823 1134 2877 τοιν
1156 2817 1362 2890 §aliems
1342 2857 1424 2911 epu

101 2935 148 2970 νων
167 2913 294 2987 habeat,
315 2933 438 2974 necesse
460 2924 507 2974 est
527 2913 675 2973 recentius
698 2915 739 2974 sit
758 2933 837 2974 anno
853 2916 893 2975 54
907 2937 937 2994 p.
954 2916 1041 2992 Chr„
1061 2937 1121 2996 quo
1142 2916 1292 2988 Σεβοποι
1313 2927 1426 3009 ,ipram

100 3015 247 3090 primum
275 3015 416 3075 celebrati
442 3015 512 3074 sint.
557 3012 643 3087 Quae
668 3016 745 3074 ratio
771 3016 860 3093 plane
887 3025 968 3077 certa
992 3027 1023 3079 et
1044 3039 1115 3080 vera
1141 3033 1235 3099 essct,
1264 3029 1424 3095 dummodo

101 3116 242 3174 uocabula
270 3107 456 3192 ἀγωνοθέτης
482 3137 592 3231 reparer
618 3117 651 3176 id
678 3116 883 3192 significarent
909 3119 989 3195 quod
1016 3119 1218 3185 Neubauerus
1245 3128 1320 3189 vult.
1364 3132 1426 3194 Sed

101 3233 135 3272 ea
154 3235 214 3275 non
235 3225 297 3276 tam
319 3223 452 3294 tempore
473 3217 612 3295 primurn,
634 3216 686 3292 qui
706 3218 902 3295 agonothesia
921 3219 1041 3278 functus
1060 3222 1110 3294 sit,
1132 3224 1311 3302 significant,
1333 3251 1424 3308 quam

101 3333 162 3375 eum
184 3318 237 3394 qui
260 3319 291 3377 in
312 3316 510 3394 complurium
532 3318 779 3394 agonothetarum
799 3317 927 3396 codegio
950 3319 1093 3394 dignitate
1107 3323 1248 3403 princeps
1263 3329 1312 3387 sit.
1343 3332 1425 3394 Nam

101 3419 276 3478 vocabulum
303 3418 385 3495 quod
411 3427 458 3476 est
482 3439 591 3501 aporos
616 3418 673 3476 hac
701 3417 730 3475 vi
758 3435 911 3477 munerum
940 3419 1129 3496 publicorum
1156 3428 1327 3488 nominibus
1355 3432 1426 3492 addi

101 3535 274 3592 consuesse,
294 3518 348 3577 vix
369 3528 415 3578 est
435 3518 518 3594 quod
538 3518 687 3595 exemplis
709 3519 809 3576 allatis
830 3519 963 3596 probem.
1002 3521 1052 3580 Ad
1074 3523 1193 3584 titulum
1210 3527 1426 3603 Aphrodisien-

102 3635 162 3678 eem
176 3617 211 3679 0.
225 3620 253 3680 I.
270 3619 351 3679 2800
373 3620 433 3678 ittm
447 3618 620 3678 Boeckhius
642 3626 721 3678 recte
740 3618 896 3678 adnotavit
918 3622 1045 3703 ,πρῶτος
1059 3616 1189 3684 aroneis
1210 3636 1266 3699 est,
1288 3631 1341 3704 qui
1356 3632 1428 3691 alibi

102 3713 306 3802 ἆρχωιωποιές
330 3721 485 3779 vocatur“.
528 3719 628 3778 Etiam
654 3721 753 3778 minus
781 3720 911 3779 dubitari
938 3727 1037 3798 potest
1063 3720 1099 3781 Ο.
1118 3724 1144 3784 1.
1164 3726 1243 3799 3461
1267 3728 1427 3811 στρατηγὸν

103 3821 205 3900 πρῶτον
226 3814 289 3882 θές.
323 3821 421 3880 Porro
442 3821 533 3880 iniis
555 3821 735 3894 civitatibus,
757 3821 807 3880 nbi
828 3821 996 3896 complures
1018 3812 1160 3905 ἄρχοντες
1175 3827 1229 3886 ιοιι
1243 3831 1427 3906 reipublicae

103 3934 253 3995 praeeunt,
276 3924 385 4004 πρῶτος
405 3909 508 4002 οέρχων
529 3928 787 3993 commemoratur,
808 3920 900 3979 veluti
923 3920 998 3981 0.1.
1014 3924 1094 3982 3407
1116 3925 1304 4006 (Magnesiae
1324 3931 1429 3995 adsi.

103 4021 227 4098 pylum).
272 4022 371 4101 Magis
392 4023 500 4081 mirum
522 4021 671 4099 estquod
693 4018 727 4080 Ο.
743 4021 768 4080 Ι.
785 4017 888 4080 itm
909 4022 998 4081 etiarn
1020 4018 1260 4107 στρατηγήσοντα
1280 4024 1317 4086 τοι
1338 4035 1428 4113 πρῶ,

102 4142 157 4178 τον
181 4123 241 4182 hac
268 4124 416 4182 aenoentia
442 4122 564 4194 dicitur3
593 4139 629 4181 uc
654 4129 754 4180 tamen
782 4120 819 4180 de
847 4140 883 4180 ea
907 4143 940 4182 rc
961 4124 1092 4183 dubitari
1113 4129 1224 4204 nequit.
1266 4129 1346 4189 Nam
1367 4151 1429 4191 non

104 4239 168 4280 eam
186 4223 279 4282 huius
299 4223 493 4283 additamenti
508 4222 569 4282 vim
584 4239 664 4296 esse,
687 4231 720 4280 ut
732 4228 903 4301 opponatur
919 4224 964 4282 eis
978 4241 1056 4299 quae
1069 4224 1139 4283 alibi
1153 4221 1303 4287 adduntur
1316 4224 1346 4285 τι
1362 4222 1428 4287 διιέ-

102 4342 186 4404 repca,
211 4317 244 4380 τι
272 4316 360 4406 τρίτον
386 4331 457 4395 etc,
482 4323 543 4383 iam
568 4323 637 4382 inde
662 4329 759 4398 patet,
784 4323 865 4399 quod
890 4323 989 4399 isqui
1015 4325 1146 4384 nondum
1172 4327 1280 4386 iterum
1305 4346 1429 4390 munere

104 4421 219 4481 functus
248 4432 311 4497 est,
340 4434 420 4483 reete
447 4424 554 4483 dicitur
575 4423 701 4495 semel,
728 4439 788 4480 uon
810 4424 961 4499 primurn
984 4422 1104 4483 iunctus
1125 4443 1202 4484 esse.
1245 4427 1286 4484 Et
1306 4429 1428 4489 omnino

104 4521 133 4578 id
151 4540 239 4582 nemo
260 4524 291 4583 in
312 4525 399 4583 titulo
421 4523 581 4583 honorario
603 4522 701 4595 addet,
722 4540 790 4580 cum
812 4523 867 4581 illa
888 4521 1019 4598 (iterum,
1041 4524 1176 4601 tertium)
1198 4537 1321 4603 propter
1334 4530 1429 4588 hono-

104 4639 163 4680 rem
188 4642 258 4683 eum
283 4624 336 4701 qui
360 4625 519 4684 iteratione
545 4623 676 4683 eiusdem
702 4623 897 4699 magistratus
923 4623 1092 4682 continetur
1117 4625 1188 4684 eddi
1213 4627 1340 4688 soleant.
1386 4629 1430 4690 Ut

105 4721 193 4798 igitur
213 4725 245 4783 in
269 4724 337 4782 aliis
358 4725 546 4797 muneribus,
573 4724 616 4783 ita
636 4723 726 4782 etiam
748 4724 779 4782 in
801 4723 997 4802 agonothesia
1017 4725 1045 4784 is
1067 4726 1205 4785 vocabuli
1228 4730 1334 4810 πρῶτος
1355 4747 1429 4790 usus

106 4823 190 4882 valet
235 4822 270 4884 0.
290 4823 315 4884 Ι.
336 4823 417 4884 2007
444 4827 552 4909 πρῶτον
577 4816 608 4883 δὲ
629 4815 815 4899 ἀγωνοθέτην
834 4825 885 4894 τῆς
905 4816 1040 4907 Σιρραῖων
1061 4815 1171 4888 adaeus
1194 4829 1238 4887 ita
1261 4828 1430 4906 intelligen-

105 4922 173 4982 dum
204 4932 252 4984 eat
282 4933 443 5003 propterea
470 4925 551 5002 quod
578 4942 638 4982 non
670 4926 761 4984 unius
788 4924 858 4983 testi
888 4926 1069 5002 agonotheta
1096 4936 1156 5000 est,
1187 4929 1240 4988 sed
1266 4938 1428 5007 perpetuus

106 5025 184 5084 urbia
211 5027 416 5103 magistratus.
458 5025 543 5087 Idem
569 5025 632 5086 fere
659 5024 740 5084 velet
766 5025 803 5084 de
832 5025 986 5085 vocabulis
1012 5015 1075 5084 ’Eri
1103 5020 1289 5105 ἀγωνοθέτου
1319 5021 1428 5112 πρώτου

181 5247 205 5308 ¹)
233 5249 268 5299 Ιιι
286 5249 362 5300 tertio
380 5249 456 5300 titulo
474 5264 531 5316 στρ.
553 5245 572 5296 i.
593 5267 617 5297 τ.
637 5238 650 5295 ὅ
668 5235 698 5295 ud
718 5243 733 5295 δ
752 5243 888 5315 (τέταρτον)
908 5249 1002 5299 dicitur
1021 5244 1095 5317 (Ἐῲ.
1117 5240 1180 5318 ἆρχ.
1202 5249 1292 5309 3725).

1183 5335 1224 5393 81
