3546 5950
539 625 589 677 nu
607 610 818 678 asseruero
836 623 1064 679 3333333333.
1419 605 1467 676 89

134 809 304 860 castrorum
325 799 513 878 reperiantur
533 798 600 872 3111,
622 817 678 858 neo
698 807 766 857 aute
787 797 916 858 alterum
940 797 1150 875 imperatorem
1172 815 1227 857 nec
1248 807 1319 873 post
1340 799 1467 859 alterum

135 921 192 961 cos
213 902 245 960 in
266 899 399 960 exercitu
421 900 560 959 extitisse
581 898 818 959 concludendum
840 899 938 975 est¹).

222 999 313 1076 Quod
344 1001 459 1060 adtinet
490 1000 528 1058 ad
562 1000 735 1078 dignitatem
769 1002 901 1060 muneris
933 1000 1127 1076 ordinemque
1158 1017 1247 1076 quem
1279 991 1398 1063 obtinet
1422 1004 1468 1062 in·

135 1113 184 1162 ter
210 1104 340 1162 bonores
367 1103 529 1174 militares,
557 1103 686 1178 primum
714 1100 1008 1161 animaduertendum
1035 1110 1081 1160 est
1107 1119 1262 1178 nunquam
1287 1111 1359 1180 post
1382 1124 1470 1182 prae-

136 1205 284 1264 lecturam
310 1213 476 1263 castrorum
504 1203 616 1279 suscipi
642 1201 733 1261 aliam
757 1202 892 1262 militiam
915 1211 1098 1279 equestrem,
1128 1209 1162 1261 ut
1180 1203 1398 1280 praefecturam
1421 1223 1470 1265 co·

138 1305 253 1377 bortis,
282 1299 467 1364 tribunatum
493 1303 638 1376 mllltum,
666 1303 883 1381 praefecturam
911 1304 993 1375 alae,
1020 1321 1089 1362 cum
1116 1310 1186 1363 ante
1213 1323 1278 1364 eam
1300 1306 1471 1368 tribunatus

137 1405 267 1464 murrum
284 1406 405 1482 saepius
422 1406 463 1482 [n.
480 1406 508 1466 3.
524 1406 542 1464 3
556 1405 641 1483 (aa).
659 1389 688 1464 eL
706 1404 742 1464 12
756 1405 841 1482 (33).
860 1406 897 1464 ι3
913 1405 999 1482 prs).
1015 1404 1070 1478 223
1092 1405 1327 1466 fortassean
1345 1410 1358 1466 1
1373 1409 1470 1486 (ter),

138 1506 235 1565 semel
255 1507 445 1582 praefectura
465 1507 555 1567 etiam
576 1507 710 1583 equitum
733 1507 777 1583 (n.
793 1506 826 1583 8)
848 1514 935 1584 gesta
956 1507 1007 1565 sit.
1041 1507 1112 1566 Uno
1134 1515 1231 1566 autem
1251 1509 1341 1567 Arrio
1358 1507 1471 1569 Salano

138 1607 235 1683 (3.8)
262 1615 407 1686 excepto,
437 1608 485 1667 331
510 1608 643 1667 fortasse
668 1607 779 1666 addere
803 1615 889 1686 potes
911 1608 1054 1667 Alfenum
1070 1606 1185 1666 Varum
1206 1608 1337 1684 (3.17),
1365 1627 1471 1670 33333

137 1727 216 1786 quoe
242 1707 381 1768 norimus
408 1708 553 1785 praefecti
579 1717 669 1768 autea
691 1708 812 1770 ordines
833 1709 961 1769 duxisse
981 1709 1126 1768 31333133.
1169 1708 1238 1767 Η33
1258 1710 1296 1768 33
1316 1719 1472 1788 quattuor·

138 1809 236 1867 decim
257 1808 303 1884 (n.
318 1809 346 1868 6.
371 1809 398 1868 7.
422 1810 451 1869 9.
476 1811 523 1869 10.
549 1812 597 1869 11.
622 1810 670 1870 12.
696 1811 743 1870 13.
768 1812 815 1869 14.
839 1810 889 1870 22.
913 1809 1035 1871 2532.
1060 1811 1109 1870 33.
1133 1811 1182 1869 34.
1205 1810 1260 1887 33)
1283 1820 1410 1886 3333131,
1434 1813 1472 1874 33

138 1897 265 1986 reliquis
286 1911 447 1986 quominus
466 1909 544 1970 idem
560 1928 724 1983 sumamus,
745 1911 989 1989 31111333111313
1010 1921 1228 1970 3333333133
1244 1929 1391 1973 summum
1404 1933 1471 1974 cen·

139 2011 325 2071 turionstum
346 2011 408 2070 1.3.
429 2012 645 2090 primipilatum
667 2011 874 2090 gesserunt2).
916 2012 967 2072 Ex
988 2013 1055 2089 1333
1076 2012 1279 2089 3331311313,
1304 2034 1358 2075 333
1380 2016 1473 2074 tribu-

138 2121 213 2172 natu
243 2131 299 2172 nec
325 2112 386 2174 3113
414 2132 536 2172 333333
562 2114 731 2187 1313313313,
763 2113 803 2173 ad
829 2114 1047 2191 praefecturam
1075 2122 1243 2173 33333333
1271 2127 1474 2190 pervenerunt

138 2233 168 2272 n.
195 2213 243 2272 10.
269 2215 316 2273 11.
345 2213 394 2273 25.
423 2213 473 2272 32.
496 2214 546 2273 33.
569 2216 619 2274 34.
641 2215 691 2274 38.
734 2216 869 2291 Apparet
894 2215 988 2291 igitur
1014 2213 1160 2292 primum,
1190 2231 1299 2273 munus
1325 2216 1383 2274 133
1411 2237 1472 2277 333

137 2315 274 2392 gessisse
300 2314 423 2374 iuvenes
450 2314 705 2393 splendidioribus
732 2317 905 2392 parentibus
932 2323 1029 2389 ortos,
1057 2315 1110 2391 qui
1137 2315 1474 2394 131133131333313311

139 2416 310 2474 cohortium
330 2416 506 2494 alarumque
528 2416 677 2494 stipendia
697 2417 794 2477 faeere
816 2417 963 2490 solebant,
986 2418 1039 2476 sed
1061 2423 1176 2476 veteres
1196 2418 1387 2479 centuriones
1409 2420 1429 2478 i.
1446 2439 1472 2480 e.

138 2517 279 2576 homines
303 2517 426 2576 militiae
452 2517 635 2596 legionariae
661 2517 782 2594 penitus
808 2507 918 2596 gnaros
945 2521 1058 2596 quique
1083 2519 1143 2594 ipsi
1170 2517 1241 2576 olim
1268 2518 1390 2596 caligati
1420 2523 1472 2580 sti·

139 2619 253 2695 pendia
276 2619 434 2690 fecissent;
467 2625 501 2677 ut
527 2626 609 2677 33313
634 2618 672 2676 33
696 2620 848 2697 praefecto
876 2627 1043 2679 33333333
1074 2618 1174 2679 133331
1194 2619 1340 2697 Vegetius
1361 2620 1394 2694 2,
1421 2623 1472 2682 10:

138 2723 166 2779 is
190 2729 261 2796 post
284 2719 398 2796 1339313
421 2721 629 2796 probatumque
653 2721 785 2779 militium
807 2723 1002 2796 peritissimus
1024 2724 1147 2780 munium
1169 2721 1321 2798 13331333,
1350 2733 1384 2782 31
1401 2733 1474 2784 recte

139 2822 255 2880 doceret
281 2821 356 2880 alios
382 2823 461 2896 qaod
485 2825 547 2896 1333
571 2837 633 2878 eum
655 2821 741 2880 luade
754 2823 882 2896 feriaret.
926 2815 1045 2881 Deinde
1066 2822 1285 2900 praefecturam
1307 2831 1473 2884 castrorum

140 2922 221 2981 inter
248 2921 390 2981 militaria
414 2939 538 2981 333333
565 2922 777 2982 3333ιί331313
802 2923 919 2983 maiora
944 2930 1057 2982 certum
1083 2923 1184 2982 locum
1210 2941 1271 2982 nou
1296 2925 1473 3000 obtinuisse,

140 3017 209 3083 eum
231 3022 320 3082 modo
340 3029 412 3100 post
432 3021 663 3100 primipilatum,
685 3023 775 3082 modo
796 3031 866 3102 post
885 3024 1084 3097 tribunatum,
1106 3025 1195 3083 modo
1216 3034 1288 3100 post
1308 3025 1475 3102 praefectu-

139 3143 206 3182 ram
233 3124 299 3184 3133
325 3117 517 3200 suscipiatur,
545 3123 690 3201 dignitate
716 3133 817 3183 autem
844 3125 891 3184 bis
917 3135 997 3184 certe
1022 3125 1167 3184 minorem
1196 3145 1256 3184 uon
1281 3125 1374 3186 fuisse
1404 3146 1474 3207 cog·

139 3225 328 3301 noscitnr⁸).

226 3325 379 3385 Nimirum
407 3326 553 3387 eiusmodi
580 3326 718 3385 homines
744 3326 838 3385 fortes
864 3325 984 3402 quidem
1006 3336 1037 3385 et
1057 3326 1185 3404 peritos,
1212 3326 1265 3385 sed
1287 3327 1386 3387 miuus
1408 3347 1474 3389 333-

139 3429 221 3487 ditos
249 3427 388 3487 civilibus
415 3427 526 3486 officiis
551 3427 865 3503 administratiouique
892 3427 936 3486 rei
963 3425 1101 3504 publicae
1130 3444 1237 3504 perum
1266 3435 1354 3504 aptos
1381 3428 1474 3489 fuisse

139 3519 377 3588 consentaneum
398 3535 458 3600 est,
486 3545 583 3604 esque
603 3529 709 3605 procul
730 3527 822 3586 dubio
844 3537 1013 3600 catenara,
1040 3526 1122 3604 quod
1143 3527 1285 3604 praefecti
1307 3536 1474 3590 castrorum

139 3630 319 3707 plerumque
341 3629 470 3706 amplius
492 3646 553 3688 non
573 3636 797 3707 promoventur,
823 3628 877 3688 sed
897 3647 937 3687 ex
958 3627 1068 3687 militia
1088 3628 1127 3688 ad
1148 3629 1295 3704 privatam
1315 3630 1407 3689 vitam
1428 3651 1475 3690 re·

141 3738 301 3790 uertuntur
320 3729 364 3805 (n.
380 3729 409 3788 8.
424 3729 454 3789 9.
472 3732 520 3788 11.
540 3729 587 3789 13.
604 3728 652 3789 25.
668 3729 734 3806 33).
770 3729 923 3788 Interdum
944 3737 1052 3807 postca
1073 3729 1260 3806 praefectura
1274 3731 1393 3790 fabrum
1407 3731 1473 3791 fun·

140 3840 254 3909 guntur
274 3830 318 3906 (n.
335 3831 363 3889 ’1.
379 3829 407 3889 8.
428 3832 475 3890 11.
494 3830 558 3906 13),
582 3847 659 3890 3333
683 3829 755 3891 Sex.
778 3831 927 3892 bullenus
949 3829 992 3907 (ιι.
1009 3830 1044 3907 7)
1065 3831 1104 3890 33
1125 3831 1344 3906 praefecturam
1365 3833 1474 3893 3133313

221 4077 246 4139 ¹)
274 4077 433 4130 confirmare
456 4079 484 4130 id
503 4079 623 4130 videntur
645 4080 725 4131 verba
743 4078 850 4144 Ulpiani
873 4080 935 4145 Dig.
949 4080 975 4141 3,
993 4081 1018 4142 2,
1034 4081 1049 4128 2
1063 4094 1116 4143 333
1141 4077 1208 4146 quod
1229 4080 1267 4130 oe't
1284 4087 1406 4148 praetor:
1423 4074 1478 4154 'qus'

140 4167 177 4220 ab
196 4169 307 4220 33333113
325 4167 444 4220 dimissus
461 4161 530 4221 ers't’r
549 4169 676 4221 dimissum
695 4171 810 4237 accipere
829 4168 944 4221 31313333
961 4169 1062 4220 militem
1082 4169 1219 4238 3311931333
1237 4171 1279 4222 331
1294 4171 1320 4220 er‘
1337 4173 1394 4238 quis
1407 4173 1477 4222 31133

139 4275 221 4328 usqae
240 4259 277 4310 ud
294 4262 458 4312 3331313333
475 4261 518 4312 rel
530 4259 685 4329 praesectam
703 4259 815 4313 33133113
832 4261 875 4312 331
891 4261 951 4311 clue
969 4261 1010 4312 331
1028 4261 1143 4327 legionis,
1162 4261 1204 4310 eet
1221 4259 1345 4311 3113333
1363 4263 1475 4314 313333-

140 4351 227 4403 133113
244 4351 297 4402 aee
316 4349 424 4419 13913313
442 4351 561 4404 disse‘eeue
578 4360 622 4404 eet.
654 4353 722 4405 Nam
741 4354 763 4403 31
776 4353 884 4418 Ulpiani
903 4359 987 4403 aetate
1000 4351 1365 4416 13133313331333333133133
1378 4361 1475 4405 333133-

140 4459 211 4504 ruru,
230 4449 299 4494 certe
317 4458 376 4494 enm
393 4458 448 4494 non
466 4443 604 4495 omisisset.

221 4529 248 4596 ²)
275 4534 310 4586 11.
326 4536 359 4585 1a
384 4535 490 4586 mutilus
514 4541 564 4597 eet,
590 4535 622 4585 de
640 4534 698 4586 36
716 4535 791 4585 3114
810 4533 916 4586 Tacitus
939 4525 1143 4584 centurionatum
1168 4539 1266 4584 tanturn
1290 4539 1404 4598 13313133,
1430 4538 1476 4589 sed

139 4626 184 4678 illi
211 4639 314 4690 quoque
336 4625 461 4691 primiplli
485 4627 539 4676 3133
564 4626 643 4676 33113
664 4625 776 4676 fuerunt.
815 4625 845 4676 0.
865 4624 958 4676 Caesio
978 4624 1096 4677 silvestri
1116 4623 1151 4683 (n.
1167 4624 1212 4685 25)
1236 4625 1293 4690 ipsa
1315 4627 1494 4691 praefectura.

138 4721 289 4768 carnorum
308 4716 335 4766 ln
354 4730 431 4768 33333
449 4715 559 4768 fortasse
577 4716 634 4779 fult,
654 4731 707 4780 cur,
726 4723 864 4783 33133333
882 4731 940 4766 333
953 4715 1102 4780 susciperet,
1122 4715 1266 4780 primipilus
1282 4717 1368 4779 fieret3
1388 4720 1476 4782 primi·

138 4808 227 4874 pilatu
250 4807 319 4857 enim
343 4807 497 4872 imaginario
521 4814 627 4858 ornatus
646 4807 746 4858 ridetur
768 4821 836 4870 esser
862 4821 921 4858 uam
944 4809 966 4857 31
984 4821 1014 4857 re
1032 4819 1094 4856 3333
1111 4806 1222 4872 legionis
1239 4807 1348 4860 alicuius
1366 4811 1475 4873 primam

138 4897 289 4949 centuriam
313 4898 444 4960 duxisset,
469 4905 497 4948 nt
519 4899 547 4948 in
566 4899 671 4964 reliquls
690 4899 838 4950 muneribus
856 4899 894 4950 ita
912 4897 939 4948 in
960 4897 1116 4962 primipilatu
1136 4913 1237 4964 quoque
1254 4899 1364 4964 legionis
1381 4915 1476 4950 nomen

140 4988 300 5042 adiceretur.

222 5077 248 5139 ¹)
275 5078 346 5130 11313
364 5079 482 5129 3331333
500 5093 602 5145 quoque
622 5093 673 5145 qno
692 5093 799 5131 munera
810 5087 991 5131 enumerantur
1003 5079 1072 5144 apud
1085 5081 1205 5130 Taciturn
1218 5080 1277 5130 1131.
1293 5082 1318 5141 2,
1333 5081 1367 5130 39
1387 5079 1476 5144 (33333

140 5187 169 5222 ιι.
181 5169 243 5232 43)3
257 5169 381 5235 praefecti
393 5177 534 5220 castrorum
549 5197 582 5208 -
598 5170 692 5221 tribuni
707 5197 739 5208 —
756 5169 1368 5235 3313133313313333;1131131332,112.(33333
1378 5185 1405 5220 u.
1416 5169 1475 5232 ³9):

141 5263 242 5314 tribuni
262 5261 372 5313 militnm
392 5288 425 5299 -
446 5261 591 5327 praefectur
609 5267 751 5313 castrorum
772 5287 805 5298 -
825 5262 948 5328 praefecti
967 5260 1121 5314 cohortium.
