3546 5950
332 590 403 659 110
851 603 1134 656 nrucanaanona

327 789 484 859 praetcrea
509 767 721 860 πρετβε]υτὴ[ν
742 765 897 856 Trllspr'JmJ
927 767 1071 832 Κλαυδίου
1100 766 1271 858 [Koirreroc
1297 769 1461 842 Σεβαστοῦ
1485 781 1642 862 Γερμανικοῦ

329 873 393 962 [καὶ
420 873 657 961 corrumpimur
689 876 832 951 scriptum
864 883 927 946 est;
960 876 1060 950 itaque
1092 877 1129 934 ad
1162 874 1283 937 Claudii
1314 886 1440 938 aetatem
1471 879 1641 940 deducimur.

327 984 433 1042 Iuniae
447 981 589 1057 Megistes
611 996 719 1037 nomen
740 977 829 1036 etiam
852 977 883 1035 in
906 977 1023 1036 duobus
1045 977 1113 1036 aliis
1136 978 1225 1036 huius
1247 981 1354 1039 aetatis
1369 981 1466 1039 titulis
1481 978 1548 1057 Ἐφ.
1565 983 1640 1040 1054.

328 1084 410 1143 3724
432 1094 478 1142 cst
499 1081 551 1157 (cf.
568 1081 736 1138 Mommsen
750 1078 877 1154 Ephem.
892 1078 948 1151 1‚1
974 1098 1003 1155 p.
1020 1077 1085 1154 63).
1129 1076 1348 1152 Quaerentibus
1369 1082 1471 1158 igitur,
1494 1083 1532 1140 ad
1552 1101 1642 1159 quern·

326 1206 396 1246 nam
410 1183 596 1244 Claudianae
618 1180 897 1254 aetatishominem
919 1179 1047 1238 nobilem
1062 1179 1232 1239 Romanum
1246 1183 1375 1258 vestigia
1397 1183 1529 1243 nominis
1550 1184 1641 1242 referri

326 1287 460 1365 possint,
486 1303 563 1361 quae
588 1283 620 1341 in
646 1281 750 1359 primis
775 1280 853 1339 tituli
875 1281 1012 1340 versibus
1036 1292 1226 1358 comparent,
1252 1283 1360 1342 barum
1380 1303 1482 1344 rerum
1504 1285 1579 1343 ratio
1599 1285 1642 1340 lra-

326 1390 425 1448 benda
444 1395 502 1446 est:

408 1509 437 1548 a.
481 1487 518 1545 V.
535 1487 615 1546 3-5
641 1475 840 1568 nszZldevrod
863 1480 934 1562 τῶ[ν
955 1475 1153 1562 Σι]β[απῶ’ν
1177 1474 1225 1542 ucri
1246 1476 1490 1569 dvrrJrrpcrrfpov
1513 1487 1641 1564 scriptum

325 1593 421 1651 luisse
446 1587 646 1649 certissimum
674 1592 729 1644 eat.
773 1585 867 1661 Atqui
893 1585 953 1644 duo
977 1585 1117 1662 pluresve
1139 1587 1310 1663 Augustos,
1336 1588 1388 1665 qui
1415 1587 1508 1647 simul
1529 1589 1642 1666 impera·

325 1701 402 1765 rcnt,
423 1691 484 1751 illis
506 1688 691 1766 temporibus
713 1704 865 1762 nunquam
885 1687 983 1746 luisse
1003 1687 1072 1763 quis
1094 1693 1141 1746 est
1161 1689 1212 1764 qui
1227 1687 1360 1746 nesciat?
1396 1685 1501 1763 Quare
1516 1690 1579 1748 lieri
1592 1708 1642 1748 non

325 1802 443 1871 potest,
465 1791 537 1869 quin
558 1789 595 1847 de
616 1788 835 1872 compluribus,
863 1788 914 1865 qui
936 1806 968 1847 se
990 1787 1130 1866 deinceps
1151 1789 1338 1866 exceperint,
1364 1788 1594 1865 imperatoribus
1613 1810 1644 1849 ea

326 1893 471 1955 vocabula
491 1889 693 1967 intellegenda
715 1889 783 1948 sint.
827 1890 858 1948 Is
880 1891 971 1967 igitur
992 1890 1030 1949 dc
1051 1907 1112 1966 quo
1133 1891 1242 1968 agitur,
1272 1890 1351 1952 Galo
1373 1899 1404 1950 et
1425 1889 1556 1951 Claudio
1576 1892 1642 1968 (ior

326 2009 406 2057 tasse
432 1998 491 2056 iarn
513 1990 650 2068 Tiberio)
676 1989 893 2069 imperantibus
918 1991 1037 2068 legatus
1062 1999 1290 2070 propraetore,
1318 1999 1348 2052 et
1373 1991 1511 2053 eiusdem
1537 1992 1642 2070 quidem

326 2109 359 2158 ut
379 2099 497 2158 ridetur
517 2093 699 2173 provinciae,
719 2092 919 2169 permanserit
939 2110 1063 2153 necesse
1084 2099 1138 2152 est.

409 2200 436 2259 b.
478 2196 581 2258 Facile
601 2216 630 2254 v.
647 2195 664 2253 3
688 2192 816 2271 vestigia
836 2193 1040 2270 praenominis
1060 2184 1223 2273 Πο[τλῖ]ου
1244 2203 1453 2272 agnoscuntur.

409 2322 433 2362 c.
475 2298 618 2360 Nominis
645 2294 766 2373 gentilis
793 2294 920 2353 alterum
949 2295 1127 2354 elementum
1157 2299 1178 2353 Ε
1207 2305 1359 2356 serratum
1386 2306 1448 2370 est3
1484 2298 1539 2357 sed
1564 2297 1642 2355 etiam

324 2389 413 2481 p‘rimi
440 2421 517 2480 quas
544 2399 612 2460 sola
637 2403 733 2456 restat
756 2395 837 2454 linea
862 2395 985 2472 obliqua
1004 2396 1048 2455 ita
1068 2396 1152 2455 utin
1170 2395 1314 2456 Koelrleri
1335 2399 1514 2476 apographo
1536 2417 1643 2459 secura

326 2507 443 2565 tissime
465 2501 584 2580 depicta
605 2507 651 2558 est
671 2498 724 2557 vix
746 2496 784 2556 ad
806 2497 896 2556 aliam
918 2497 1036 2558 literam
1058 2504 1149 2574 atque
1171 2503 1196 2556 Μ
1217 2499 1443 2577 pertinuerit¹).

407 2607 436 2666 d.
480 2604 557 2662 Post
582 2589 823 2682 dvrrprparlyoo
846 2597 889 2674 (v.
905 2598 939 2675 5)
961 2599 1036 2660 Mllll
1061 2605 1117 2658 est.
1159 2598 1210 2657 Ex
1236 2600 1323 2660 initio
1349 2602 1416 2660 eius
1441 2601 1497 2678 qui
1521 2602 1643 2678 sequitur

326 2725 431 2768 versus
454 2709 587 2784 apparet,
609 2704 670 2761 iam
690 2701 780 2758 huius
802 2699 898 2777 quinti
913 2717 1019 2760 versus
1040 2711 1205 2760 extremam
1226 2711 1343 2778 partem
1365 2711 1543 2780 occupatam
1557 2702 1642 2762 fuisse

324 2811 426 2868 decem
453 2805 558 2884 primis
579 2801 733 2862 elementis
753 2800 968 2860 vocabulorum
989 2799 1233 2886 flpmpovaroc
1253 2793 1297 2862 e’rrl
1317 2797 1383 2866 rods·
1403 2797 1588 2881 o‘rrlas'roec’),
1606 2805 1643 2862 ita

325 2918 372 2984 ut,
398 2911 424 2969 si
449 2904 671 2986 comparaveris
695 2900 913 2979 longitudinem
939 2903 1064 2962 aliorum
1086 2922 1241 2977 versuum,
1267 2905 1320 2982 qui
1343 2915 1425 2964 certa
1445 2905 1563 2966 ratione
1582 2923 1643 2982 sup·

324 3011 401 3089 pleri
427 3014 570 3090 possunt,
597 3004 789 3065 iudicandum
817 3005 871 3077 sit,
900 3005 977 3063 inter
1000 3006 1139 3065 vocabuli
1166 2999 1391 3090 ἀντιστρατήγου
1417 3009 1508 3067 finem
1534 3015 1564 3068 et
1587 3008 1642 3068 eius

324 3111 406 3189 quod
433 3119 479 3170 est
507 3104 752 3193 mpmpovaroc
779 3104 896 3165 initium
924 3123 1015 3164 unam
1042 3106 1131 3166 modo
1159 3126 1284 3185 eamque
1312 3125 1373 3168 nou
1401 3127 1513 3186 magno
1539 3109 1642 3168 ambitu

324 3232 429 3274 vocem
462 3211 605 3291 scriptam
631 3209 735 3267 fuisse.
787 3209 889 3283 Atque
916 3215 1127 3286 exspectamus
1154 3209 1272 3286 quidem
1301 3209 1359 3267 hoc
1386 3210 1452 3269 loco
1481 3211 1642 3288 provinciae

324 3334 442 3376 nornen.
484 3313 620 3371 Primum
646 3309 725 3369 enim
751 3308 888 3385 quamvis
915 3326 1005 3385 saepe
1032 3311 1176 3383 varietur,
1202 3320 1301 3370 tamen
1329 3309 1378 3370 hic
1398 3312 1559 3372 verborum
1577 3311 1642 3370 ordo

324 3417 432 3494 (veluti
455 3417 565 3492 lepatus
586 3414 711 3496 Auqusti
726 3428 784 3486 pro
803 3420 938 3486 praetore
959 3409 1077 3487 Syriae)
1103 3417 1134 3470 et
1158 3412 1345 3472 rectissimus
1371 3421 1418 3472 est
1442 3420 1473 3472 et
1495 3413 1642 3474 usitatissi·
1747 3437 1748 3508 q

323 3537 407 3589 mus;
434 3516 551 3587 deinde,
573 3521 607 3572 ut
628 3520 809 3583 statuamus,
830 3510 889 3582 hic,
910 3511 942 3569 id
964 3512 1044 3587 quod
1065 3529 1276 3587 nonnunquam
1299 3513 1332 3571 tit
1355 3509 1438 3590 (Ἑφ.
1455 3515 1524 3591 79),
1543 3533 1641 3574 nomcn
1747 3555 1748 3564 .

324 3618 496 3696 provinciae
517 3616 661 3674 omissum
683 3613 790 3685 luisse,
812 3612 885 3688 quid
907 3611 989 3670 aliud
1011 3613 1155 3690 scriptum
1177 3631 1244 3673 esse
1265 3616 1396 3690 potuerit
1415 3617 1469 3674 vix
1491 3617 1641 3693 quisquam

324 3720 414 3778 dicat.
450 3719 494 3776 At
514 3716 594 3793 quod
616 3721 717 3775 exstat
738 3715 813 3773 milit
834 3712 907 3789 quid
929 3713 1011 3772 aliud
1032 3731 1100 3773 esse
1120 3721 1228 3792 potest,
1250 3715 1308 3775 nisi
1326 3720 1375 3773 ΜΕ
1391 3726 1443 3776 aut
1457 3720 1509 3774 ΜΗ
1525 3726 1576 3775 aut
1589 3713 1640 3774 att

324 3821 352 3878 A
375 3818 460 3878 nulla
481 3824 580 3876 autem
603 3835 641 3874 ex
662 3815 710 3873 his
731 3815 898 3873 litterarum
919 3814 1176 3882 coniunctionibus
1199 3833 1306 3875 nomen
1327 3816 1500 3893 provinciae
1524 3820 1641 3895 impera·

323 3921 419 3980 toriae
446 3927 499 3977 aut
520 3917 640 3977 omnino
661 3917 815 3976 Romanae
836 3916 950 3991 incipit.
994 3914 1112 3989 Quodsi
1132 3915 1203 3993 quid
1225 3936 1244 3975 a
1262 3917 1394 3994 lapicida
1412 3927 1567 3995 peccatum
1587 3927 1641 3976 sta·

323 4023 433 4092 tueris,
458 4021 628 4096 proximum
649 4018 688 4078 sit
709 4009 823 4077 Murice
843 4016 1051 4094 (Moesiae)³).
1095 4016 1156 4079 Sed
1178 4018 1254 4076 hanc
1275 4018 1393 4093 quidem
1415 4038 1478 4078 rem
1499 4021 1531 4078 in
1550 4017 1641 4079 medio

322 4122 547 4201 relinquendam
575 4137 642 4178 esse
664 4119 814 4178 existimo.
857 4118 919 4176 Illa
939 4119 997 4177 tria
1017 4127 1131 4192 autem,
1157 4137 1234 4195 quae
1254 4119 1343 4198 plane
1363 4126 1446 4178 certa
1465 4129 1551 4194 sunt,
1576 4137 1641 4196 qna-

323 4227 411 4286 drant
432 4225 462 4284 in
485 4223 521 4282 P.
543 4221 715 4281 Memmium
735 4219 885 4296 Regulum
906 4218 982 4295 (cos.
1005 4219 1073 4278 suff.
1096 4221 1133 4279 31
1150 4239 1180 4296 p.
1197 4217 1293 4295 Cha).
1332 4219 1410 4279 Eum
1432 4221 1511 4280 enim
1533 4226 1642 4281 constat

322 4329 487 4405 imperante
508 4324 632 4384 Tiberio
654 4321 709 4398 (36
727 4341 758 4398 p.
773 4318 860 4396 Chr.)
886 4319 1018 4397 legatum
1038 4321 1171 4380 Moesiae
1197 4331 1228 4380 et
1246 4321 1441 4382 Macedoniae
1467 4329 1498 4380 et
1516 4321 1640 4380 Achaiae

321 4428 434 4488 lactum
462 4445 531 4487 esse
555 4427 586 4486 iu
612 4442 708 4500 eoque
733 4440 856 4481 munere
879 4440 940 4479 non
961 4421 1059 4480 solum
1080 4441 1135 4500 per
1155 4429 1251 4480 totum
1273 4420 1332 4482 Gai
1353 4422 1566 4501 principatum,
1593 4418 1640 4478 sed

322 4530 411 4588 etiam
440 4528 546 4605 primis
575 4524 694 4586 Claudii
721 4522 807 4583 annis
834 4521 1035 4599 permansisse
1063 4521 1259 4602 (Nipperdey
1283 4523 1322 4582 ad
1347 4523 1422 4583 Tac.
1450 4521 1638 4596 ann.v,11.

401 4781 425 4845 ¹)
453 4781 605 4832 Pittulisius
624 4783 690 4833 adeo
709 4782 828 4832 distincte
848 4773 873 4826 Μ
893 4778 1011 4842 exbibet3
1035 4779 1082 4830 sed
1099 4787 1236 4846 propterea
1253 4795 1307 4830 non
1325 4785 1422 4830 ceruum
1441 4785 1492 4841 est,
1518 4786 1570 4828 tum
1587 4790 1637 4826 cum

323 4871 366 4922 ille
392 4872 493 4922 titulum
517 4873 723 4934 mmsscriberet,
748 4887 805 4922 eam
828 4872 941 4922 litteram
963 4871 1079 4922 nondum
1101 4871 1217 4922 mutilam
1237 4871 1325 4921 luisse.
1363 4870 1466 4932 Quanta
1484 4871 1550 4920 enim
1568 4866 1639 4918 luerit

323 4963 392 5013 illius
410 4963 523 5014 hominia
542 4963 615 5026 tides,
634 4965 696 5013 satis
713 4971 803 5014 notum
822 4969 868 5014 eat.

400 5052 425 5116 ²)
454 5053 522 5106 Nam
541 5068 558 5104 a
576 5055 679 5105 sinistra
696 5061 770 5120 parte
787 5055 855 5120 lapis
873 5053 979 5104 omnino
997 5053 1096 5118 integer
1113 5031 1161 5104 est.

398 5151 424 5216 ⁸)
451 5153 494 5204 De
517 5154 601 5206 forms
621 5153 722 5206 litterae
745 5148 828 5220 lpro
849 5147 883 5216 Υ,
911 5167 977 5220 quae
1002 5155 1028 5205 in
1047 5155 1106 5206 aliia
1125 5153 1206 5204 titulis
1224 5150 1361 5214 invenitur,
1385 5152 1427 5202 vix
1447 5152 1508 5204 licet
1526 5149 1636 5214 eosdm,

322 5245 391 5310 quod
410 5245 437 5295 ln
457 5244 506 5296 hoo
523 5245 581 5310 ipso
600 5245 674 5296 titulo
692 5244 849 5296 duodeciens
869 5238 892 5291 Υ
913 5253 1005 5306 exstat.
