3610 5956
354 620 402 692 58
926 632 1107 687 mommsen

353 809 435 872 Sane
455 810 529 868 haec
551 826 622 866 vera
643 807 737 883 magis
760 816 830 865 sunt
850 825 941 882 quam
962 807 1025 864 veri
1048 807 1173 878 similia3
1202 807 1346 866 habemus
1367 806 1447 864 enim
1468 805 1608 864 mulieres
1630 823 1689 881 per

352 920 414 970 tres
436 910 641 988 generationes
664 927 740 985 quae
761 917 880 984 partum
902 907 1049 966 ediderint
1070 915 1139 966 unte
1154 908 1327 965 vicesimum
1343 925 1464 966 annum.
1500 906 1584 967 Nota
1597 925 1687 983 prae·

353 1024 435 1072 terea
455 1012 551 1070 Iuliae
571 1011 703 1086 Augusti
724 1010 803 1068 filiae
826 1009 1058 1084 primogenitum
1080 1008 1173 1066 luisse
1197 1005 1309 1067 Guium
1330 1018 1431 1067 natum
1454 1007 1555 1066 atat
1576 1006 1687 1066 liliam·

352 1133 412 1191 que
433 1114 541 1171 Iuliam
570 1119 729 1188 propterea
757 1111 840 1168 irasci
866 1129 926 1167 non
954 1109 1087 1184 potuisse
1115 1118 1183 1167 ante
1205 1128 1316 1168 annum
1338 1119 1527 1186 sequentem
1556 1127 1627 1166 nam
1658 1108 1686 1166 si

351 1215 497 1292 gemellos
519 1213 696 1289 peperisset,
719 1211 750 1269 id
771 1230 832 1269 nun
853 1219 1011 1269 taceretur.
1055 1209 1134 1268 Vere
1156 1211 1247 1286 igitur
1268 1210 1387 1269 Plinius
1408 1211 1451 1269 ibi
1474 1209 1518 1284 (b.
1541 1209 1684 1280 n7,13,

351 1317 417 1392 58),
440 1315 491 1373 nbi
514 1321 640 1373 testatur
661 1313 763 1371 divum
778 1313 951 1389 Augustum
973 1311 1071 1388 neptis
1093 1329 1164 1370 suae
1186 1321 1323 1387 nepotem
1338 1311 1453 1371 vidisse
1474 1311 1685 1387 genitumque

350 1417 482 1478 excessit
502 1433 580 1473 anno
596 1415 637 1473 M.
656 1412 803 1484 Silanum,
826 1413 881 1470 hoc
903 1413 986 1471 addit
1007 1413 1046 1471 ad
1064 1409 1217 1488 ‘reliquam
1240 1413 1270 1470 in
1293 1431 1328 1470 eo
1350 1413 1556 1489 exemplorum
1577 1411 1685 1471 rarita-

284 1537 289 1549 “
350 1513 427 1577 tem’.
444 1549 483 1560 -
505 1517 603 1574 Mater
617 1515 775 1591 abnepotis
790 1515 922 1591 Augusti
937 1523 1008 1572 natu
1023 1514 1146 1573 maximi
1162 1513 1283 1588 natique
1298 1532 1325 1572 a.
1339 1513 1397 1571 767
1421 1531 1569 1590 quamam
1583 1511 1686 1584 luerit,

351 1619 544 1698 diserte2non
560 1616 703 1686 traditum
727 1616 779 1673 sed
793 1616 887 1674 fuisso
902 1616 1063 1675 Aemiliam
1079 1614 1234 1690 Lepidam,
1256 1633 1344 1690 quam
1361 1625 1534 1691 proneptem
1551 1614 1684 1692 Augusti

352 1717 515 1780 Suetonius
536 1715 659 1792 (Claud.
676 1715 730 1792 26)
752 1716 895 1792 appellat,
917 1716 1030 1775 dudum
1051 1716 1236 1775 intellectum
1257 1723 1312 1774 est.
1347 1715 1426 1774 Nam
1442 1717 1508 1774 e'um
1523 1720 1683 1792 Augustus

351 1820 488 1879 habuerit
512 1829 617 1895 neptes
639 1818 714 1876 duas
736 1825 851 1876 tantum
873 1818 980 1876 Iuliam
1003 1826 1034 1876 et
1057 1817 1267 1893 Agrippinam,
1296 1827 1455 1893 proneptes
1475 1825 1575 1876 autem
1596 1827 1683 1894 quat·

351 1930 428 1994 tuor,
450 1918 595 1996 Lepidam
617 1920 701 1978 illam
722 1937 762 1976 ex
783 1919 868 1991 lulis,
890 1918 1091 1996 Agrippinam
1106 1917 1272 1976 Drusillam
1288 1915 1428 1976 Liuillam
1450 1937 1489 1976 ex
1504 1920 1683 1997 Agrippina,

349 2024 457 2082 harum
483 2022 573 2080 trium
599 2021 712 2079 nullam
737 2020 767 2078 in
791 2019 964 2079 Silanorum
985 2019 1104 2078 domum
1128 2019 1284 2077 deductam
1307 2035 1375 2077 esse
1397 2027 1524 2078 constat.
1568 2018 1684 2080 Contra

350 2123 483 2183 Aemilia
507 2122 624 2200 Lepida
649 2121 833 2198 desponsata
858 2129 927 2180 ante
953 2129 1030 2180 teste
1058 2119 1201 2179 Suetonio
1228 2119 1327 2196 nepoti
1353 2119 1459 2178 Liviae
1480 2120 1528 2180 Ti.
1552 2119 1682 2180 Claudio

349 2232 420 2284 nato
443 2244 469 2283 a.
487 2224 547 2282 744
575 2224 602 2282 ei
624 2223 675 2300 qui
696 2229 803 2298 postea
823 2222 995 2298 imperavit,
1023 2240 1090 2280 cum
1115 2221 1141 2279 is
1163 2221 1192 2279 ei
1212 2231 1334 2298 propter
1355 2221 1488 2280 offensas
1510 2223 1683 2298 parentium

349 2327 415 2385 eius
438 2326 583 2386 adversus
600 2327 768 2400 Augustum
790 2325 902 2399 optime
923 2323 1089 2382 illustratas
1112 2341 1131 2380 a
1150 2322 1319 2399 Borghesio
1341 2342 1370 2399 p.
1389 2323 1446 2382 187
1470 2332 1539 2381 ante
1561 2323 1681 2400 nuptias

349 2429 486 2486 nuntium
513 2426 693 2496 remisisset,
722 2424 797 2482 nihil
824 2425 938 2496 obstat,
961 2443 1021 2500 quo
1050 2424 1148 2482 minus
1178 2441 1250 2481 mox
1277 2423 1396 2499 nuptias
1417 2424 1522 2482 iecerit
1541 2441 1610 2483 cum
1633 2423 1680 2484 Si-

349 2528 419 2587 lano
445 2528 558 2602 aliquo.
601 2525 755 2585 Hactenus
780 2526 872 2602 igitur
892 2524 993 2583 omnia
1015 2533 1096 2583 certo
1118 2525 1251 2586 stabilita
1272 2532 1342 2583 suut
1363 2542 1459 2601 neque
1481 2524 1681 2585 dissensionis

349 2646 443 2688 eausa
465 2628 535 2686 ulla

433 2727 475 2788 Ut
496 2728 592 2805 ipsius
613 2727 761 2786 Aemiliae
782 2726 916 2803 Lepidae
937 2727 1068 2804 Augusti
1090 2729 1245 2806 proneptis
1267 2735 1420 2786 auctorum
1443 2729 1495 2804 qui
1517 2737 1680 2805 supersunt

350 2849 426 2896 unus
449 2828 611 2890 Suetonius
636 2828 747 2888 diserte
769 2829 952 2906 meminit1),
973 2831 1017 2888 ita
1038 2830 1163 2888 maritus
1184 2827 1306 2889 Silanus
1328 2829 1448 2905 quinam
1471 2829 1571 2902 fuerit,
1593 2829 1679 2889 solus

349 2931 512 2990 memoriae
532 2929 701 3008 prodidisse
715 2929 844 3002 videtur,
865 2931 1000 2990 scribens
1023 2928 1215 3006 (Glanate)
1237 2929 1396 2990 Claudium
1417 2931 1494 2990 inter
1507 2931 1586 2990 alios
1601 2931 1679 2992 occi-

349 3033 431 3094 disse
445 3035 503 3108 Ap.
519 3031 654 3092 Silanum
677 3049 870 3090 consocerum
893 3049 990 3090 suum.
1027 3029 1191 3092 consoceri
1213 3033 1292 3092 enim
1315 3033 1341 3090 si
1362 3033 1484 3091 fuerunt
1498 3033 1570 3109 imp.
1586 3030 1678 3094 Clau·

349 3133 417 3194 dius
443 3143 474 3192 et
499 3135 558 3211 Ap.
582 3132 705 3194 Silanus
731 3150 792 3192 cos.
818 3151 846 3191 a.
869 3151 897 3190 ιι.
918 3152 944 3191 e.
961 3131 1018 3190 781
1038 3157 1076 3182 =
1093 3150 1120 3208 p.
1145 3131 1213 3192 Chr.
1232 3132 1286 3206 28,
1314 3141 1345 3192 ut
1369 3134 1421 3192 ille
1443 3133 1606 3206 Octaviae,
1633 3135 1677 3193 ita

347 3235 397 3294 hie
420 3234 457 3294 L.
484 3233 581 3295 Silani
608 3244 694 3311 pater
720 3233 809 3292 suerit
833 3251 957 3292 necesse
983 3242 1044 3305 est3
1070 3233 1106 3292 L.
1134 3231 1272 3292 Silanum
1298 3243 1398 3292 autem
1425 3253 1494 3292 cum
1514 3235 1555 3294 M.
1579 3232 1677 3295 Silani

346 3337 479 3414 Augusti
498 3336 655 3412 abnepotis
677 3335 801 3394 fratrem
822 3335 954 3412 appellet
968 3334 1091 3394 Tacitus
1109 3354 1177 3394 ann.
1196 3336 1288 3406 13,1,
1310 3352 1358 3392 res
1380 3335 1480 3394 decisa
1499 3343 1547 3394 eat
1561 3337 1676 3414 nupsit·

346 3456 406 3515 qne
428 3438 558 3516 Augusti
585 3437 740 3514 proneptis
767 3446 839 3495 natu
866 3437 999 3496 maxima
1020 3439 1079 3512 Ap.
1103 3435 1215 3495 Silano.
1259 3436 1299 3494 Et
1328 3437 1358 3494 in
1384 3437 1440 3495 hae
1466 3435 1586 3513 quidem
1612 3440 1676 3516 opi-

346 3541 436 3600 nione
462 3548 492 3598 et
517 3538 567 3596 alii
593 3538 713 3614 plurimi
733 3537 951 3615 adquieverunt
976 3546 1007 3596 et
1033 3538 1099 3612 ipse
1120 3537 1321 3614 Borghesins,
1350 3537 1457 3608 acrius,
1484 3523 1573 3613 quam
1601 3539 1676 3598 solet

345 3641 394 3700 vir
417 3648 451 3698 ιιι
471 3639 663 3698 doctissimus
684 3640 728 3698 ita
749 3639 940 3711 mitissimus,
966 3639 1186 3717 reprehendens
1209 3637 1389 3697 Brotierium
1411 3657 1465 3712 pro
1487 3641 1548 3715 Ap.
1570 3637 1675 3700 Silano

346 3759 409 3802 cos.
431 3760 458 3799 a.
473 3759 504 3817 p.
519 3738 590 3799 Chr.
607 3739 645 3800 28
668 3739 896 3798 substituentem
911 3741 952 3798 M.
968 3737 1104 3798 Silanum
1127 3758 1188 3798 cos.
1212 3759 1239 3798 a.
1254 3759 1284 3816 p.
1300 3737 1372 3798 Chr.
1390 3739 1437 3798 19.
1475 3740 1549 3798 Mihi
1565 3749 1673 3814 tamen,

346 3849 379 3900 ut
398 3859 501 3902 verum
528 3841 638 3910 fatear,
664 3840 731 3897 sola
752 3840 941 3899 Brotieriana
964 3840 1068 3917 opinio
1090 3841 1245 3916 probatur,
1271 3841 1395 3916 eiusque
1417 3859 1501 3900 meae
1522 3841 1673 3918 opinionis

345 3950 521 4018 argumenta
542 3943 602 4000 iam
623 3941 792 4000 declarabo.

430 4043 457 4102 1.
501 4044 558 4117 Ap.
580 4039 718 4101 Silanum
744 4060 811 4100 cum
832 4061 1026 4102 consocerum
1048 4040 1165 4101 Claudii
1186 4043 1376 4119 imperatoris
1400 4040 1561 4104 Suetonius
1584 4045 1672 4116 dicat,

345 4159 363 4204 e
383 4145 533 4203 contrario
549 4143 732 4220 Apotheosis
747 4151 859 4216 auctor,
880 4143 944 4202 sive
960 4141 1075 4204 Seneca
1087 4143 1114 4202 is
1127 4144 1184 4202 fuit
1199 4145 1263 4202 sive
1277 4144 1411 4219 aequalis
1426 4145 1514 4216 alius,
1535 4164 1603 4204 eum
1618 4146 1671 4204 im·

345 4245 492 4322 paratoria
508 4262 644 4304 socerum
660 4243 791 4319 appellat
810 4243 851 4319 (c.
867 4246 929 4321 ll),
949 4252 980 4304 et
997 4253 1076 4302 reeta
1092 4245 1223 4317 omnino,
1243 4246 1302 4304 etsi
1318 4245 1392 4304 satis
1408 4245 1564 4304 invidiose.
1591 4245 1670 4306 Nam

345 4347 449 4405 uxoris
471 4344 590 4405 Claudii
606 4343 746 4403 Valeriae
767 4343 949 4404 Messalinae
971 4354 1096 4404 matrem
1115 4345 1279 4404 Domitiam
1293 4344 1440 4422 Lepidam
1462 4355 1583 4406 auctore
1603 4347 1670 4422 ipso

344 4444 475 4507 Claudio
496 4466 522 4506 c.
538 4467 564 4505 a.
579 4447 617 4505 41
641 4444 781 4521 nupsisse
796 4446 855 4522 Ap.
872 4443 975 4504 Silano
988 4446 1050 4504 Dio
1072 4445 1206 4523 (60,14)
1228 4446 1319 4505 refert
1339 4447 1440 4522 itaque
1463 4447 1499 4504 ab
1522 4447 1670 4508 eiusnodi

275 4607 282 4618 ,
344 4547 490 4624 scriptore
511 4548 632 4606 omnino
653 4565 739 4605 socer
759 4544 816 4604 dici
837 4546 943 4622 potuit,
964 4547 1017 4621 qui
1037 4565 1107 4604 vere
1128 4565 1186 4604 non
1208 4555 1293 4622 pater
1314 4555 1393 4606 esset
1416 4549 1530 4620 uxoris,
1552 4548 1607 4607 sed
1628 4550 1670 4607 vi·

344 4647 448 4707 ιιίιιιι.
488 4646 596 4724 Neque
618 4647 649 4706 id
670 4645 856 4723 Borghesins
877 4665 937 4704 non
957 4647 1120 4717 intellexit3
1143 4648 1196 4707 sed
1217 4657 1375 4724 utrumque
1396 4648 1517 4707 admisit
1537 4650 1669 4727 Appium

344 4758 375 4808 et
395 4765 532 4808 socerum
553 4757 585 4805 et
604 4765 800 4807 consocerum
821 4748 1010 4823 imperatoris
1031 4748 1136 4820 fuisse,
1159 4750 1258 4807 minus
1279 4759 1368 4806 recte.
1405 4747 1484 4806 Nam
1506 4767 1574 4809 cum
1591 4759 1668 4810 utra·

421 4991 445 5056 ¹)
477 4993 591 5043 Aemilia
608 4992 708 5056 lepida
725 5008 790 5057 quae
808 4993 896 5058 nupsit
913 4993 1000 5044 Druso
1019 4994 1168 5045 Germanici
1187 4995 1241 5046 filio
1259 4995 1378 5060 diemque
1397 4995 1461 5045 obiit
1479 5009 1502 5046 a.
1516 5011 1541 5060 p.
1556 4997 1617 5048 Chr.
1631 4999 1666 5050 ³6

344 5086 451 5137 omnino
469 5085 571 5134 diversa
589 5089 639 5145 est3
664 5081 739 5133 huius
758 5085 826 5133 enim
844 5093 918 5149 pater
935 5087 1055 5150 proxime
1073 5093 1132 5136 ante
1151 5088 1232 5152 ipsam
1251 5085 1386 5136 defunctus
1405 5095 1443 5136 est
1469 5087 1543 5148 (Tae.
1563 5090 1665 5150 anne,

344 5175 405 5238 to),
428 5192 486 5226 cum
504 5175 619 5238 Lepidae
637 5173 749 5238 Augusti
772 5177 906 5241 proneptis
929 5183 1028 5242 patrem
1047 5177 1141 5228 obiisse
1160 5185 1220 5230 ante
1239 5179 1322 5244 ipsum
1342 5179 1487 5244 Angustum
1506 5187 1565 5230 aeta
1583 5181 1666 5232 Arra·

342 5266 405 5317 lium
424 5267 484 5318 anni
498 5283 524 5333 p.
537 5265 599 5316 Chr.
615 5266 649 5316 14
668 5264 851 5317 demonstrent.
