<?xml version="1.0" encoding="UTF-8"?>
<!DOCTYPE html PUBLIC "-//W3C//DTD XHTML 1.0 Transitional//EN"
    "http://www.w3.org/TR/xhtml1/DTD/xhtml1-transitional.dtd">
<html xmlns="http://www.w3.org/1999/xhtml" xml:lang="en" lang="en">
 <head>
  <title>
</title>
<meta http-equiv="Content-Type" content="text/html;charset=utf-8" />
  <meta name='ocr-system' content='tesseract 3.04.00' />
  <meta name='ocr-capabilities' content='ocr_page ocr_carea ocr_par ocr_line ocrx_word'/>
</head>
<body>
  <div class='ocr_page' id='page_1' title='image "./ephemerisepigra19instgoog_0303.png"; bbox 0 0 3578 5962; ppageno 0'>
   <div class='ocr_carea' id='block_1_1' title="bbox 345 530 1097 627">
    <p class='ocr_par' dir='ltr' id='par_1_1' title="bbox 345 530 1097 627">
     <span class='ocr_line' id='line_1_1' title="bbox 345 530 1097 627; baseline -0.008 -24"><span class='ocrx_word' id='word_1_1' title='bbox 345 530 418 603; x_wconf 78' lang='lat'><strong>272</strong></span> <span class='ocrx_word' id='word_1_2' title='bbox 882 624 883 627; x_wconf 11' lang='grc'><strong>1</strong></span> <span class='ocrx_word' id='word_1_3' title='bbox 915 543 1097 600; x_wconf 80' lang='lat' dir='ltr'><strong>nouusun</strong></span> 
     </span>
    </p>
   </div>
   <div class='ocr_carea' id='block_1_2' title="bbox 344 719 1657 1615">
    <p class='ocr_par' dir='ltr' id='par_1_2' title="bbox 344 719 1657 1615">
     <span class='ocr_line' id='line_1_2' title="bbox 344 719 1657 801; baseline -0.002 -19"><span class='ocrx_word' id='word_1_4' title='bbox 344 721 557 801; x_wconf 79' lang='lat' dir='ltr'><strong>dingtonius1)</strong></span> <span class='ocrx_word' id='word_1_5' title='bbox 588 720 762 780; x_wconf 90' lang='lat' dir='ltr'><strong>Polemonis</strong></span> <span class='ocrx_word' id='word_1_6' title='bbox 795 719 890 796; x_wconf 89' lang='lat' dir='ltr'><strong>patris</strong></span> <span class='ocrx_word' id='word_1_7' title='bbox 922 721 1054 780; x_wconf 82' lang='lat' dir='ltr'>Zenonis</span> <span class='ocrx_word' id='word_1_8' title='bbox 1085 727 1211 778; x_wconf 89' lang='lat' dir='ltr'><strong>mortem</strong></span> <span class='ocrx_word' id='word_1_9' title='bbox 1243 729 1324 779; x_wconf 88' lang='lat' dir='ltr'><strong>recte</strong></span> <span class='ocrx_word' id='word_1_10' title='bbox 1354 719 1393 778; x_wconf 86' lang='lat' dir='ltr'><strong>ad</strong></span> <span class='ocrx_word' id='word_1_11' title='bbox 1419 737 1532 778; x_wconf 90' lang='lat' dir='ltr'><strong>annum</strong></span> <span class='ocrx_word' id='word_1_12' title='bbox 1555 719 1657 779; x_wconf 85' lang='lat' dir='ltr'><strong>rettulit</strong></span> 
     </span>
     <span class='ocr_line' id='line_1_3' title="bbox 344 821 1657 899; baseline -0.003 -15"><span class='ocrx_word' id='word_1_13' title='bbox 344 843 374 884; x_wconf 91' lang='lat' dir='ltr'><strong>u.</strong></span> <span class='ocrx_word' id='word_1_14' title='bbox 391 843 417 884; x_wconf 92' lang='lat' dir='ltr'><strong>c.</strong></span> <span class='ocrx_word' id='word_1_15' title='bbox 433 824 503 897; x_wconf 86' lang='grc'><strong>746,</strong></span> <span class='ocrx_word' id='word_1_16' title='bbox 526 824 633 884; x_wconf 89' lang='lat' dir='ltr'><strong>aetatis</strong></span> <span class='ocrx_word' id='word_1_17' title='bbox 655 824 860 884; x_wconf 81' lang='lat' dir='ltr'><strong>determinatio</strong></span> <span class='ocrx_word' id='word_1_18' title='bbox 881 821 936 881; x_wconf 91' lang='lat' dir='ltr'><strong>illa</strong></span> <span class='ocrx_word' id='word_1_19' title='bbox 948 822 1037 882; x_wconf 90' lang='lat' dir='ltr'><strong>etiam</strong></span> <span class='ocrx_word' id='word_1_20' title='bbox 1053 822 1149 899; x_wconf 87' lang='lat' dir='ltr'><strong>magis</strong></span> <span class='ocrx_word' id='word_1_21' title='bbox 1170 821 1372 881; x_wconf 86' lang='lat' dir='ltr'><strong>confirmatur.</strong></span> <span class='ocrx_word' id='word_1_22' title='bbox 1404 821 1525 880; x_wconf 90' lang='lat' dir='ltr'><strong>Pendet</strong></span> <span class='ocrx_word' id='word_1_23' title='bbox 1536 823 1657 898; x_wconf 87' lang='lat' dir='ltr'><strong>quaestio</strong></span> 
     </span>
     <span class='ocr_line' id='line_1_4' title="bbox 344 923 1657 1004; baseline -0.003 -18"><span class='ocrx_word' id='word_1_24' title='bbox 344 945 382 986; x_wconf 88' lang='lat' dir='ltr'><strong>ea</strong></span> <span class='ocrx_word' id='word_1_25' title='bbox 402 928 440 986; x_wconf 87' lang='lat' dir='ltr'><strong>ab</strong></span> <span class='ocrx_word' id='word_1_26' title='bbox 460 926 703 1004; x_wconf 81' lang='lat' dir='ltr'>interpretatione</span> <span class='ocrx_word' id='word_1_27' title='bbox 717 924 980 1002; x_wconf 77' lang='lat' dir='ltr'><strong>monogrammatis</strong></span> <span class='ocrx_word' id='word_1_28' title='bbox 995 923 1077 1001; x_wconf 91' lang='lat' dir='ltr'><strong>quod</strong></span> <span class='ocrx_word' id='word_1_29' title='bbox 1097 923 1229 983; x_wconf 89' lang='lat' dir='ltr'><strong>cernitur</strong></span> <span class='ocrx_word' id='word_1_30' title='bbox 1245 924 1277 982; x_wconf 91' lang='lat' dir='ltr'><strong>iu</strong></span> <span class='ocrx_word' id='word_1_31' title='bbox 1291 925 1389 984; x_wconf 88' lang='lat' dir='ltr'><strong>aureis</strong></span> <span class='ocrx_word' id='word_1_32' title='bbox 1403 923 1491 1002; x_wconf 80' lang='lat' dir='ltr'><strong>regui</strong></span> <span class='ocrx_word' id='word_1_33' title='bbox 1505 923 1657 1000; x_wconf 76' lang='lat' dir='ltr'><strong>Bosporani</strong></span> 
     </span>
     <span class='ocr_line' id='line_1_5' title="bbox 346 1025 1655 1104; baseline -0.003 -16"><span class='ocrx_word' id='word_1_34' title='bbox 346 1029 428 1088; x_wconf 89' lang='lat' dir='ltr'><strong>cuais</strong></span> <span class='ocrx_word' id='word_1_35' title='bbox 454 1029 492 1088; x_wconf 87' lang='lat' dir='ltr'><strong>ab</strong></span> <span class='ocrx_word' id='word_1_36' title='bbox 520 1048 547 1087; x_wconf 91' lang='lat' dir='ltr'><strong>a.</strong></span> <span class='ocrx_word' id='word_1_37' title='bbox 571 1027 631 1087; x_wconf 88' lang='grc'><strong>746</strong></span> <span class='ocrx_word' id='word_1_38' title='bbox 658 1027 696 1087; x_wconf 88' lang='lat' dir='ltr'><strong>ad</strong></span> <span class='ocrx_word' id='word_1_39' title='bbox 722 1046 749 1086; x_wconf 93' lang='lat' dir='ltr'><strong>a.</strong></span> <span class='ocrx_word' id='word_1_40' title='bbox 774 1027 831 1086; x_wconf 92' lang='grc'><strong>761</strong></span> <span class='ocrx_word' id='word_1_41' title='bbox 860 1026 1020 1104; x_wconf 81' lang='lat' dir='ltr'><strong>compositi</strong></span> <span class='ocrx_word' id='word_1_42' title='bbox 1045 1044 1084 1084; x_wconf 90' lang='lat' dir='ltr'><strong>ex</strong></span> <span class='ocrx_word' id='word_1_43' title='bbox 1109 1025 1264 1084; x_wconf 90' lang='lat' dir='ltr'><strong>elementis</strong></span> <span class='ocrx_word' id='word_1_44' title='bbox 1284 1043 1311 1085; x_wconf 85' lang='grc' dir='ltr'><strong>ιιι</strong></span> <span class='ocrx_word' id='word_1_45' title='bbox 1336 1033 1367 1085; x_wconf 92' lang='lat' dir='ltr'><strong>et</strong></span> <span class='ocrx_word' id='word_1_46' title='bbox 1385 1043 1406 1086; x_wconf 86' lang='grc' dir='ltr'><strong>Δ</strong></span> <span class='ocrx_word' id='word_1_47' title='bbox 1431 1034 1464 1084; x_wconf 87' lang='lat' dir='ltr'><strong>et</strong></span> <span class='ocrx_word' id='word_1_48' title='bbox 1488 1026 1611 1084; x_wconf 80' lang='lat' dir='ltr'><strong>fortasse</strong></span> <span class='ocrx_word' id='word_1_49' title='bbox 1628 1041 1655 1097; x_wconf 85' lang='lat' dir='ltr'><strong>r;</strong></span> 
     </span>
     <span class='ocr_line' id='line_1_6' title="bbox 345 1117 1657 1210; baseline -0.007 -20"><span class='ocrx_word' id='word_1_50' title='bbox 345 1147 405 1206; x_wconf 91' lang='lat' dir='ltr'><strong>quo</strong></span> <span class='ocrx_word' id='word_1_51' title='bbox 427 1137 682 1210; x_wconf 77' lang='lat' dir='ltr'><strong>monogrammate</strong></span> <span class='ocrx_word' id='word_1_52' title='bbox 704 1147 760 1206; x_wconf 82' lang='lat' dir='ltr'><strong>ego</strong></span> <span class='ocrx_word' id='word_1_53' title='bbox 781 1129 965 1188; x_wconf 79' lang='lat' dir='ltr'><strong>adsentiente</strong></span> <span class='ocrx_word' id='word_1_54' title='bbox 985 1128 1048 1188; x_wconf 89' lang='lat' dir='ltr'><strong>fere</strong></span> <span class='ocrx_word' id='word_1_55' title='bbox 1070 1125 1219 1204; x_wconf 65' lang='lat' dir='ltr'><strong>sulerot)</strong></span> <span class='ocrx_word' id='word_1_56' title='bbox 1242 1129 1356 1188; x_wconf 90' lang='lat' dir='ltr'><strong>conieci</strong></span> <span class='ocrx_word' id='word_1_57' title='bbox 1369 1127 1534 1206; x_wconf 83' lang='lat' dir='ltr'><strong>significari</strong></span> <span class='ocrx_word' id='word_1_58' title='bbox 1547 1117 1657 1196; x_wconf 80' lang='grc' dir='ltr'>Δι’νιιμιι</span> 
     </span>
     <span class='ocr_line' id='line_1_7' title="bbox 345 1223 1656 1315; baseline -0.002 -25"><span class='ocrx_word' id='word_1_59' title='bbox 345 1241 376 1291; x_wconf 92' lang='lat' dir='ltr'><strong>et</strong></span> <span class='ocrx_word' id='word_1_60' title='bbox 397 1223 600 1315; x_wconf 69' lang='grc' dir='ltr'>Μιθριδάτην,</span> <span class='ocrx_word' id='word_1_61' title='bbox 622 1231 678 1292; x_wconf 89' lang='lat' dir='ltr'><strong>sub</strong></span> <span class='ocrx_word' id='word_1_62' title='bbox 700 1231 759 1290; x_wconf 92' lang='lat' dir='ltr'><strong>hoc</strong></span> <span class='ocrx_word' id='word_1_63' title='bbox 780 1238 879 1289; x_wconf 91' lang='lat' dir='ltr'><strong>autem</strong></span> <span class='ocrx_word' id='word_1_64' title='bbox 901 1230 1020 1290; x_wconf 87' lang='lat' dir='ltr'><strong>nomine</strong></span> <span class='ocrx_word' id='word_1_65' title='bbox 1040 1229 1135 1289; x_wconf 89' lang='lat' dir='ltr'><strong>latere</strong></span> <span class='ocrx_word' id='word_1_66' title='bbox 1149 1229 1358 1290; x_wconf 84' lang='lat' dir='ltr'><strong>Polemonem:</strong></span> <span class='ocrx_word' id='word_1_67' title='bbox 1386 1239 1494 1290; x_wconf 88' lang='lat' dir='ltr'><strong>contra</strong></span> <span class='ocrx_word' id='word_1_68' title='bbox 1511 1227 1656 1305; x_wconf 77' lang='lat' dir='ltr'><strong>Wadding·</strong></span> 
     </span>
     <span class='ocr_line' id='line_1_8' title="bbox 346 1332 1656 1412; baseline 0.001 -21"><span class='ocrx_word' id='word_1_69' title='bbox 346 1336 447 1394; x_wconf 90' lang='lat' dir='ltr'><strong>touius</strong></span> <span class='ocrx_word' id='word_1_70' title='bbox 469 1354 535 1394; x_wconf 89' lang='lat' dir='ltr'><strong>eam</strong></span> <span class='ocrx_word' id='word_1_71' title='bbox 556 1334 786 1412; x_wconf 77' lang='lat' dir='ltr'><strong>explicationem</strong></span> <span class='ocrx_word' id='word_1_72' title='bbox 808 1332 925 1391; x_wconf 88' lang='lat' dir='ltr'><strong>admitti</strong></span> <span class='ocrx_word' id='word_1_73' title='bbox 939 1349 1031 1409; x_wconf 86' lang='lat' dir='ltr'><strong>posse</strong></span> <span class='ocrx_word' id='word_1_74' title='bbox 1051 1349 1165 1410; x_wconf 83' lang='lat' dir='ltr'><strong>negans</strong></span> <span class='ocrx_word' id='word_1_75' title='bbox 1187 1332 1342 1390; x_wconf 78' lang='lat' dir='ltr'><strong>contendit</strong></span> <span class='ocrx_word' id='word_1_76' title='bbox 1359 1337 1609 1408; x_wconf 83' lang='lat' dir='ltr'><strong>monogrammate</strong></span> <span class='ocrx_word' id='word_1_77' title='bbox 1626 1348 1656 1392; x_wconf 83' lang='lat' dir='ltr'><strong>eo</strong></span> 
     </span>
     <span class='ocr_line' id='line_1_9' title="bbox 344 1433 1656 1511; baseline -0.006 -15"><span class='ocrx_word' id='word_1_78' title='bbox 344 1437 466 1496; x_wconf 84' lang='lat' dir='ltr'><strong>excludi</strong></span> <span class='ocrx_word' id='word_1_79' title='bbox 486 1437 692 1497; x_wconf 85' lang='lat' dir='ltr'><strong>Polemonem.</strong></span> <span class='ocrx_word' id='word_1_80' title='bbox 733 1435 799 1493; x_wconf 86' lang='lat' dir='ltr'><strong>Iam</strong></span> <span class='ocrx_word' id='word_1_81' title='bbox 828 1453 860 1493; x_wconf 87' lang='lat' dir='ltr'><strong>re</strong></span> <span class='ocrx_word' id='word_1_82' title='bbox 887 1434 984 1492; x_wconf 84' lang='lat' dir='ltr'><strong>denuo</strong></span> <span class='ocrx_word' id='word_1_83' title='bbox 1010 1451 1158 1510; x_wconf 90' lang='lat' dir='ltr'><strong>perpensa</strong></span> <span class='ocrx_word' id='word_1_84' title='bbox 1182 1433 1256 1492; x_wconf 91' lang='lat' dir='ltr'><strong>mihi</strong></span> <span class='ocrx_word' id='word_1_85' title='bbox 1280 1451 1399 1511; x_wconf 90' lang='lat' dir='ltr'><strong>quoque</strong></span> <span class='ocrx_word' id='word_1_86' title='bbox 1426 1433 1546 1492; x_wconf 85' lang='lat' dir='ltr'><strong>videtur</strong></span> <span class='ocrx_word' id='word_1_87' title='bbox 1567 1449 1656 1490; x_wconf 80' lang='lat' dir='ltr'><strong>verum</strong></span> 
     </span>
     <span class='ocr_line' id='line_1_10' title="bbox 346 1533 1656 1615; baseline -0.005 -17"><span class='ocrx_word' id='word_1_88' title='bbox 346 1539 460 1599; x_wconf 84' lang='lat' dir='ltr'><strong>vidisse</strong></span> <span class='ocrx_word' id='word_1_89' title='bbox 485 1539 589 1598; x_wconf 91' lang='lat' dir='ltr'><strong>doctus</strong></span> <span class='ocrx_word' id='word_1_90' title='bbox 612 1536 839 1615; x_wconf 83' lang='lat' dir='ltr'><strong>Franoogallus,</strong></span> <span class='ocrx_word' id='word_1_91' title='bbox 869 1536 1000 1596; x_wconf 84' lang='lat' dir='ltr'><strong>maxime</strong></span> <span class='ocrx_word' id='word_1_92' title='bbox 1025 1544 1185 1614; x_wconf 87' lang='lat' dir='ltr'><strong>propterea</strong></span> <span class='ocrx_word' id='word_1_93' title='bbox 1209 1536 1292 1613; x_wconf 89' lang='lat' dir='ltr'><strong>quod</strong></span> <span class='ocrx_word' id='word_1_94' title='bbox 1312 1535 1463 1613; x_wconf 78' lang='lat' dir='ltr'><strong>Dynamio</strong></span> <span class='ocrx_word' id='word_1_95' title='bbox 1485 1534 1564 1612; x_wconf 91' lang='lat' dir='ltr'><strong>prior</strong></span> <span class='ocrx_word' id='word_1_96' title='bbox 1581 1533 1656 1592; x_wconf 90' lang='lat' dir='ltr'><strong>Polc-</strong></span> 
     </span>
    </p>
   </div>
   <div class='ocr_carea' id='block_1_3' title="bbox 346 1635 1712 1715">
    <p class='ocr_par' dir='ltr' id='par_1_3' title="bbox 346 1635 1712 1715">
     <span class='ocr_line' id='line_1_11' title="bbox 346 1635 1712 1715; baseline -0.006 -15"><span class='ocrx_word' id='word_1_97' title='bbox 346 1641 444 1700; x_wconf 92' lang='lat' dir='ltr'><strong>monis</strong></span> <span class='ocrx_word' id='word_1_98' title='bbox 465 1659 543 1699; x_wconf 89' lang='lat' dir='ltr'><strong>uxor</strong></span> <span class='ocrx_word' id='word_1_99' title='bbox 564 1647 633 1710; x_wconf 82' lang='lat' dir='ltr'><strong>ante</strong></span> <span class='ocrx_word' id='word_1_100' title='bbox 654 1646 773 1698; x_wconf 89' lang='lat' dir='ltr'><strong>mortua</strong></span> <span class='ocrx_word' id='word_1_101' title='bbox 793 1638 833 1698; x_wconf 91' lang='lat' dir='ltr'><strong>sit</strong></span> <span class='ocrx_word' id='word_1_102' title='bbox 853 1655 977 1698; x_wconf 89' lang='lat' dir='ltr'><strong>necesse</strong></span> <span class='ocrx_word' id='word_1_103' title='bbox 998 1645 1047 1696; x_wconf 90' lang='lat' dir='ltr'><strong>est</strong></span> <span class='ocrx_word' id='word_1_104' title='bbox 1066 1657 1157 1715; x_wconf 89' lang='lat' dir='ltr'><strong>quam</strong></span> <span class='ocrx_word' id='word_1_105' title='bbox 1178 1639 1206 1698; x_wconf 86' lang='lat' dir='ltr'><strong>ei</strong></span> <span class='ocrx_word' id='word_1_106' title='bbox 1228 1637 1331 1714; x_wconf 88' lang='lat' dir='ltr'><strong>nupsit</strong></span> <span class='ocrx_word' id='word_1_107' title='bbox 1353 1636 1552 1715; x_wconf 91' lang='lat' dir='ltr'><strong>Pythodoris,</strong></span> <span class='ocrx_word' id='word_1_108' title='bbox 1575 1652 1656 1711; x_wconf 88' lang='lat' dir='ltr'><strong>neque</strong></span> <span class='ocrx_word' id='word_1_109' title='bbox 1710 1635 1712 1638; x_wconf 80' lang='grc'><strong>’</strong></span> 
     </span>
    </p>
   </div>
   <div class='ocr_carea' id='block_1_4' title="bbox 348 1737 1736 1821">
    <p class='ocr_par' dir='ltr' id='par_1_4' title="bbox 348 1737 1736 1821">
     <span class='ocr_line' id='line_1_12' title="bbox 348 1737 1736 1821; baseline -0.004 -20"><span class='ocrx_word' id='word_1_110' title='bbox 348 1743 422 1802; x_wconf 88' lang='lat' dir='ltr'><strong>satis</strong></span> <span class='ocrx_word' id='word_1_111' title='bbox 443 1750 578 1821; x_wconf 85' lang='lat' dir='ltr'><strong>apparet,</strong></span> <span class='ocrx_word' id='word_1_112' title='bbox 599 1741 651 1819; x_wconf 91' lang='lat' dir='ltr'><strong>qui</strong></span> <span class='ocrx_word' id='word_1_113' title='bbox 666 1741 822 1801; x_wconf 85' lang='lat' dir='ltr'><strong>defunctae</strong></span> <span class='ocrx_word' id='word_1_114' title='bbox 843 1758 952 1800; x_wconf 89' lang='lat' dir='ltr'><strong>nomen</strong></span> <span class='ocrx_word' id='word_1_115' title='bbox 973 1741 1004 1799; x_wconf 91' lang='lat' dir='ltr'><strong>in</strong></span> <span class='ocrx_word' id='word_1_116' title='bbox 1025 1741 1155 1800; x_wconf 90' lang='lat' dir='ltr'><strong>nummis</strong></span> <span class='ocrx_word' id='word_1_117' title='bbox 1178 1742 1286 1800; x_wconf 87' lang='lat' dir='ltr'><strong>durare</strong></span> <span class='ocrx_word' id='word_1_118' title='bbox 1306 1740 1449 1817; x_wconf 85' lang='lat' dir='ltr'><strong>potuerit.</strong></span> <span class='ocrx_word' id='word_1_119' title='bbox 1482 1737 1655 1797; x_wconf 83' lang='lat' dir='ltr'><strong>Ecoutrario</strong></span> <span class='ocrx_word' id='word_1_120' title='bbox 1735 1739 1736 1742; x_wconf 73' lang='grc'>’</span> 
     </span>
    </p>
   </div>
   <div class='ocr_carea' id='block_1_5' title="bbox 338 1840 1655 3452">
    <p class='ocr_par' dir='ltr' id='par_1_5' title="bbox 338 1840 1655 3452">
     <span class='ocr_line' id='line_1_13' title="bbox 345 1840 1655 1920; baseline -0.005 -17"><span class='ocrx_word' id='word_1_121' title='bbox 345 1863 414 1904; x_wconf 90' lang='lat' dir='ltr'><strong>cum</strong></span> <span class='ocrx_word' id='word_1_122' title='bbox 434 1845 509 1904; x_wconf 90' lang='lat' dir='ltr'><strong>satis</strong></span> <span class='ocrx_word' id='word_1_123' title='bbox 532 1852 648 1904; x_wconf 89' lang='lat' dir='ltr'><strong>constet</strong></span> <span class='ocrx_word' id='word_1_124' title='bbox 663 1843 814 1920; x_wconf 85' lang='lat' dir='ltr'><strong>Dynamio</strong></span> <span class='ocrx_word' id='word_1_125' title='bbox 834 1842 1017 1902; x_wconf 89' lang='lat' dir='ltr'><strong>Mithridatis</strong></span> <span class='ocrx_word' id='word_1_126' title='bbox 1037 1842 1200 1919; x_wconf 85' lang='lat' dir='ltr'><strong>Eupatoria</strong></span> <span class='ocrx_word' id='word_1_127' title='bbox 1214 1851 1333 1919; x_wconf 89' lang='lat' dir='ltr'><strong>neptem</strong></span> <span class='ocrx_word' id='word_1_128' title='bbox 1356 1861 1375 1900; x_wconf 91' lang='lat' dir='ltr'><strong>a</strong></span> <span class='ocrx_word' id='word_1_129' title='bbox 1387 1842 1551 1901; x_wconf 89' lang='lat' dir='ltr'><strong>Polemone</strong></span> <span class='ocrx_word' id='word_1_130' title='bbox 1564 1840 1591 1898; x_wconf 93' lang='lat' dir='ltr'><strong>in</strong></span> <span class='ocrx_word' id='word_1_131' title='bbox 1603 1857 1655 1898; x_wconf 88' lang='lat' dir='ltr'><strong>ua·</strong></span> 
     </span>
     <span class='ocr_line' id='line_1_14' title="bbox 346 1940 1654 2021; baseline -0.005 -15"><span class='ocrx_word' id='word_1_132' title='bbox 346 1947 518 2006; x_wconf 89' lang='lat' dir='ltr'><strong>trimonium</strong></span> <span class='ocrx_word' id='word_1_133' title='bbox 540 1946 658 2005; x_wconf 86' lang='lat' dir='ltr'><strong>ductam</strong></span> <span class='ocrx_word' id='word_1_134' title='bbox 679 1963 748 2006; x_wconf 89' lang='lat' dir='ltr'><strong>esse</strong></span> <span class='ocrx_word' id='word_1_135' title='bbox 770 1965 796 2004; x_wconf 87' lang='lat' dir='ltr'><strong>a.</strong></span> <span class='ocrx_word' id='word_1_136' title='bbox 820 1945 880 2002; x_wconf 82' lang='grc'><strong>740</strong></span> <span class='ocrx_word' id='word_1_137' title='bbox 902 1944 1001 2003; x_wconf 88' lang='lat' dir='ltr'><strong>dotem</strong></span> <span class='ocrx_word' id='word_1_138' title='bbox 1023 1947 1050 2004; x_wconf 89' lang='lat' dir='ltr'><strong>ei</strong></span> <span class='ocrx_word' id='word_1_139' title='bbox 1072 1945 1246 2004; x_wconf 80' lang='lat' dir='ltr'><strong>afferentem</strong></span> <span class='ocrx_word' id='word_1_140' title='bbox 1267 1945 1365 2020; x_wconf 93' lang='lat' dir='ltr'><strong>ipsum</strong></span> <span class='ocrx_word' id='word_1_141' title='bbox 1387 1961 1513 2021; x_wconf 83' lang='lat' dir='ltr'><strong>regnum</strong></span> <span class='ocrx_word' id='word_1_142' title='bbox 1533 1940 1654 2016; x_wconf 79' lang='lat' dir='ltr'><strong>Bospori,</strong></span> 
     </span>
     <span class='ocr_line' id='line_1_15' title="bbox 346 2041 1654 2126; baseline -0.005 -19"><span class='ocrx_word' id='word_1_143' title='bbox 346 2048 520 2108; x_wconf 90' lang='lat' dir='ltr'><strong>Polemonis</strong></span> <span class='ocrx_word' id='word_1_144' title='bbox 538 2066 605 2108; x_wconf 91' lang='lat' dir='ltr'><strong>cum</strong></span> <span class='ocrx_word' id='word_1_145' title='bbox 619 2047 824 2126; x_wconf 88' lang='lat' dir='ltr'><strong>Pythodoride</strong></span> <span class='ocrx_word' id='word_1_146' title='bbox 844 2046 1065 2106; x_wconf 87' lang='lat' dir='ltr'><strong>matrimonium</strong></span> <span class='ocrx_word' id='word_1_147' title='bbox 1080 2047 1336 2106; x_wconf 85' lang='lat' dir='ltr'><strong>circumscribitur</strong></span> <span class='ocrx_word' id='word_1_148' title='bbox 1349 2047 1439 2105; x_wconf 89' lang='lat' dir='ltr'><strong>annis</strong></span> <span class='ocrx_word' id='word_1_149' title='bbox 1460 2063 1486 2104; x_wconf 90' lang='lat' dir='ltr'><strong>c.</strong></span> <span class='ocrx_word' id='word_1_150' title='bbox 1501 2041 1654 2114; x_wconf 74' lang='lat' dir='ltr'><strong>tlt-746,</strong></span> 
     </span>
     <span class='ocr_line' id='line_1_16' title="bbox 348 2146 1653 2224; baseline -0.005 -15"><span class='ocrx_word' id='word_1_151' title='bbox 348 2157 381 2209; x_wconf 94' lang='lat' dir='ltr'><strong>ut</strong></span> <span class='ocrx_word' id='word_1_152' title='bbox 400 2150 454 2208; x_wconf 94' lang='lat' dir='ltr'><strong>illo</strong></span> <span class='ocrx_word' id='word_1_153' title='bbox 475 2150 537 2210; x_wconf 89' lang='lat' dir='ltr'><strong>fere</strong></span> <span class='ocrx_word' id='word_1_154' title='bbox 558 2170 636 2210; x_wconf 86' lang='lat' dir='ltr'><strong>auno</strong></span> <span class='ocrx_word' id='word_1_155' title='bbox 659 2169 724 2208; x_wconf 88' lang='lat' dir='ltr'><strong>eam</strong></span> <span class='ocrx_word' id='word_1_156' title='bbox 745 2149 868 2208; x_wconf 83' lang='lat' dir='ltr'><strong>duxisse</strong></span> <span class='ocrx_word' id='word_1_157' title='bbox 887 2148 1032 2219; x_wconf 84' lang='lat' dir='ltr'><strong>videatur,</strong></span> <span class='ocrx_word' id='word_1_158' title='bbox 1054 2148 1113 2207; x_wconf 90' lang='lat' dir='ltr'><strong>hoo</strong></span> <span class='ocrx_word' id='word_1_159' title='bbox 1127 2148 1205 2208; x_wconf 88' lang='lat' dir='ltr'><strong>diem</strong></span> <span class='ocrx_word' id='word_1_160' title='bbox 1228 2147 1348 2208; x_wconf 90' lang='lat' dir='ltr'><strong>obiisse.</strong></span> <span class='ocrx_word' id='word_1_161' title='bbox 1365 2181 1405 2192; x_wconf 92' lang='lat'><em>-</em></span> <span class='ocrx_word' id='word_1_162' title='bbox 1427 2147 1560 2206; x_wconf 86' lang='lat' dir='ltr'><strong>Antonia</strong></span> <span class='ocrx_word' id='word_1_163' title='bbox 1577 2146 1653 2224; x_wconf 82' lang='lat' dir='ltr'><strong>igitur</strong></span> 
     </span>
     <span class='ocr_line' id='line_1_17' title="bbox 346 2245 1652 2329; baseline -0.005 -17"><span class='ocrx_word' id='word_1_164' title='bbox 346 2260 442 2312; x_wconf 89' lang='lat' dir='ltr'><strong>mater</strong></span> <span class='ocrx_word' id='word_1_165' title='bbox 461 2251 675 2329; x_wconf 87' lang='lat' dir='ltr'><strong>Pythodoridis</strong></span> <span class='ocrx_word' id='word_1_166' title='bbox 700 2270 767 2310; x_wconf 89' lang='lat' dir='ltr'><strong>cum</strong></span> <span class='ocrx_word' id='word_1_167' title='bbox 789 2253 820 2311; x_wconf 94' lang='lat' dir='ltr'><strong>in</strong></span> <span class='ocrx_word' id='word_1_168' title='bbox 841 2251 1031 2310; x_wconf 88' lang='lat' dir='ltr'><strong>matrimonio</strong></span> <span class='ocrx_word' id='word_1_169' title='bbox 1052 2250 1142 2309; x_wconf 87' lang='lat' dir='ltr'><strong>luerit</strong></span> <span class='ocrx_word' id='word_1_170' title='bbox 1162 2269 1198 2310; x_wconf 89' lang='lat' dir='ltr'><strong>o.·</strong></span> <span class='ocrx_word' id='word_1_171' title='bbox 1210 2269 1237 2308; x_wconf 89' lang='lat' dir='ltr'><strong>a.</strong></span> <span class='ocrx_word' id='word_1_172' title='bbox 1261 2249 1332 2322; x_wconf 76' lang='lat'><strong>720,</strong></span> <span class='ocrx_word' id='word_1_173' title='bbox 1356 2249 1477 2309; x_wconf 89' lang='lat' dir='ltr'><strong>natales</strong></span> <span class='ocrx_word' id='word_1_174' title='bbox 1502 2249 1562 2308; x_wconf 90' lang='lat' dir='ltr'><strong>eius</strong></span> <span class='ocrx_word' id='word_1_175' title='bbox 1581 2245 1613 2307; x_wconf 86' lang='lat' dir='ltr'><strong>ad</strong></span> <span class='ocrx_word' id='word_1_176' title='bbox 1630 2266 1652 2306; x_wconf 88' lang='lat' dir='ltr'><strong>a</strong></span> 
     </span>
     <span class='ocr_line' id='line_1_18' title="bbox 347 2351 1653 2431; baseline -0.005 -18"><span class='ocrx_word' id='word_1_177' title='bbox 347 2354 500 2413; x_wconf 91' lang='lat' dir='ltr'><strong>minimum</strong></span> <span class='ocrx_word' id='word_1_178' title='bbox 516 2354 576 2414; x_wconf 81' lang='grc'><strong>706</strong></span> <span class='ocrx_word' id='word_1_179' title='bbox 598 2354 767 2424; x_wconf 79' lang='lat' dir='ltr'><strong>reiciantur,</strong></span> <span class='ocrx_word' id='word_1_180' title='bbox 789 2361 822 2412; x_wconf 93' lang='lat' dir='ltr'><strong>ut</strong></span> <span class='ocrx_word' id='word_1_181' title='bbox 836 2354 997 2431; x_wconf 90' lang='lat' dir='ltr'><strong>posthunc</strong></span> <span class='ocrx_word' id='word_1_182' title='bbox 1012 2371 1121 2410; x_wconf 87' lang='lat' dir='ltr'><strong>anuum</strong></span> <span class='ocrx_word' id='word_1_183' title='bbox 1136 2351 1209 2430; x_wconf 89' lang='lat' dir='ltr'><strong>poni</strong></span> <span class='ocrx_word' id='word_1_184' title='bbox 1226 2352 1349 2411; x_wconf 90' lang='lat' dir='ltr'><strong>omnino</strong></span> <span class='ocrx_word' id='word_1_185' title='bbox 1370 2353 1570 2429; x_wconf 82' lang='lat' dir='ltr'><strong>nonpossint,</strong></span> <span class='ocrx_word' id='word_1_186' title='bbox 1587 2361 1653 2408; x_wconf 85' lang='lat' dir='ltr'><strong>recte</strong></span> 
     </span>
     <span class='ocr_line' id='line_1_19' title="bbox 347 2453 1652 2533; baseline -0.003 -19"><span class='ocrx_word' id='word_1_187' title='bbox 347 2456 466 2532; x_wconf 88' lang='lat' dir='ltr'><strong>possint</strong></span> <span class='ocrx_word' id='word_1_188' title='bbox 479 2456 621 2516; x_wconf 86' lang='lat' dir='ltr'><strong>decennio</strong></span> <span class='ocrx_word' id='word_1_189' title='bbox 643 2463 673 2514; x_wconf 92' lang='lat' dir='ltr'><strong>et</strong></span> <span class='ocrx_word' id='word_1_190' title='bbox 694 2455 823 2533; x_wconf 86' lang='lat' dir='ltr'><strong>amplius</strong></span> <span class='ocrx_word' id='word_1_191' title='bbox 845 2453 1012 2530; x_wconf 85' lang='lat' dir='ltr'><strong>anticipari.</strong></span> <span class='ocrx_word' id='word_1_192' title='bbox 1046 2453 1173 2514; x_wconf 89' lang='lat' dir='ltr'><strong>Femina</strong></span> <span class='ocrx_word' id='word_1_193' title='bbox 1192 2460 1291 2513; x_wconf 89' lang='lat' dir='ltr'><strong>autem</strong></span> <span class='ocrx_word' id='word_1_194' title='bbox 1314 2453 1377 2513; x_wconf 89' lang='lat' dir='ltr'><strong>eius</strong></span> <span class='ocrx_word' id='word_1_195' title='bbox 1394 2454 1525 2514; x_wconf 91' lang='lat' dir='ltr'><strong>nominis</strong></span> <span class='ocrx_word' id='word_1_196' title='bbox 1544 2473 1576 2514; x_wconf 89' lang='lat' dir='ltr'><strong>eo</strong></span> <span class='ocrx_word' id='word_1_197' title='bbox 1594 2460 1652 2511; x_wconf 86' lang='lat' dir='ltr'><strong>tem·</strong></span> 
     </span>
     <span class='ocr_line' id='line_1_20' title="bbox 348 2555 1653 2636; baseline -0.003 -20"><span class='ocrx_word' id='word_1_198' title='bbox 348 2577 422 2636; x_wconf 90' lang='lat' dir='ltr'><strong>pore</strong></span> <span class='ocrx_word' id='word_1_199' title='bbox 442 2565 522 2634; x_wconf 83' lang='lat' dir='ltr'><strong>ueta,</strong></span> <span class='ocrx_word' id='word_1_200' title='bbox 544 2577 621 2635; x_wconf 91' lang='lat' dir='ltr'><strong>quae</strong></span> <span class='ocrx_word' id='word_1_201' title='bbox 641 2565 748 2634; x_wconf 86' lang='lat' dir='ltr'><strong>postea</strong></span> <span class='ocrx_word' id='word_1_202' title='bbox 768 2558 800 2617; x_wconf 91' lang='lat' dir='ltr'><strong>in</strong></span> <span class='ocrx_word' id='word_1_203' title='bbox 816 2556 940 2616; x_wconf 87' lang='lat' dir='ltr'><strong>Oriente</strong></span> <span class='ocrx_word' id='word_1_204' title='bbox 961 2555 1000 2614; x_wconf 88' lang='lat' dir='ltr'><strong>ad</strong></span> <span class='ocrx_word' id='word_1_205' title='bbox 1019 2557 1134 2633; x_wconf 81' lang='lat' dir='ltr'><strong>regiam</strong></span> <span class='ocrx_word' id='word_1_206' title='bbox 1148 2555 1368 2633; x_wconf 89' lang='lat' dir='ltr'><strong>quodammodo</strong></span> <span class='ocrx_word' id='word_1_207' title='bbox 1383 2556 1581 2615; x_wconf 92' lang='lat' dir='ltr'><strong>condicionem</strong></span> <span class='ocrx_word' id='word_1_208' title='bbox 1599 2573 1653 2632; x_wconf 90' lang='lat' dir='ltr'><strong>per·</strong></span> 
     </span>
     <span class='ocr_line' id='line_1_21' title="bbox 348 2657 1579 2735; baseline -0.001 -19"><span class='ocrx_word' id='word_1_209' title='bbox 348 2659 473 2731; x_wconf 81' lang='lat' dir='ltr'><strong>venerit,</strong></span> <span class='ocrx_word' id='word_1_210' title='bbox 494 2661 548 2718; x_wconf 85' lang='lat' dir='ltr'><strong>vix</strong></span> <span class='ocrx_word' id='word_1_211' title='bbox 570 2660 660 2717; x_wconf 87' lang='lat' dir='ltr'><strong>alium</strong></span> <span class='ocrx_word' id='word_1_212' title='bbox 682 2667 796 2735; x_wconf 89' lang='lat' dir='ltr'><strong>patrem</strong></span> <span class='ocrx_word' id='word_1_213' title='bbox 819 2658 928 2716; x_wconf 86' lang='lat' dir='ltr'><strong>habere</strong></span> <span class='ocrx_word' id='word_1_214' title='bbox 950 2658 1048 2735; x_wconf 93' lang='lat' dir='ltr'><strong>potuit</strong></span> <span class='ocrx_word' id='word_1_215' title='bbox 1067 2666 1156 2734; x_wconf 89' lang='lat' dir='ltr'><strong>atque</strong></span> <span class='ocrx_word' id='word_1_216' title='bbox 1177 2658 1218 2716; x_wconf 90' lang='lat' dir='ltr'><strong>M.</strong></span> <span class='ocrx_word' id='word_1_217' title='bbox 1240 2657 1406 2717; x_wconf 90' lang='lat' dir='ltr'><strong>Antonium</strong></span> <span class='ocrx_word' id='word_1_218' title='bbox 1428 2658 1579 2716; x_wconf 84' lang='lat' dir='ltr'><strong>Illvirum.</strong></span> 
     </span>
     <span class='ocr_line' id='line_1_22' title="bbox 432 2759 1653 2837; baseline -0.003 -19"><span class='ocrx_word' id='word_1_219' title='bbox 432 2759 498 2818; x_wconf 90' lang='lat' dir='ltr'><strong>Iam</strong></span> <span class='ocrx_word' id='word_1_220' title='bbox 519 2761 611 2837; x_wconf 85' lang='lat' dir='ltr'><strong>igitur</strong></span> <span class='ocrx_word' id='word_1_221' title='bbox 628 2761 787 2819; x_wconf 85' lang='lat' dir='ltr'><strong>videndum</strong></span> <span class='ocrx_word' id='word_1_222' title='bbox 809 2764 857 2818; x_wconf 90' lang='lat' dir='ltr'><strong>est</strong></span> <span class='ocrx_word' id='word_1_223' title='bbox 878 2759 915 2817; x_wconf 88' lang='lat' dir='ltr'><strong>de</strong></span> <span class='ocrx_word' id='word_1_224' title='bbox 936 2759 1056 2819; x_wconf 84' lang='lat' dir='ltr'><strong>filiabus</strong></span> <span class='ocrx_word' id='word_1_225' title='bbox 1078 2761 1119 2820; x_wconf 89' lang='lat' dir='ltr'><strong>M.</strong></span> <span class='ocrx_word' id='word_1_226' title='bbox 1136 2760 1258 2819; x_wconf 85' lang='lat' dir='ltr'><strong>Antonii</strong></span> <span class='ocrx_word' id='word_1_227' title='bbox 1273 2760 1433 2833; x_wconf 83' lang='lat' dir='ltr'><strong>triumuiri,</strong></span> <span class='ocrx_word' id='word_1_228' title='bbox 1456 2779 1525 2818; x_wconf 89' lang='lat' dir='ltr'><strong>num</strong></span> <span class='ocrx_word' id='word_1_229' title='bbox 1545 2759 1653 2818; x_wconf 89' lang='lat' dir='ltr'><strong>sitinter</strong></span> 
     </span>
     <span class='ocr_line' id='line_1_23' title="bbox 350 2861 1652 2940; baseline -0.003 -20"><span class='ocrx_word' id='word_1_230' title='bbox 350 2879 413 2934; x_wconf 90' lang='lat' dir='ltr'><strong>eas,</strong></span> <span class='ocrx_word' id='word_1_231' title='bbox 435 2880 512 2939; x_wconf 89' lang='lat' dir='ltr'><strong>quae</strong></span> <span class='ocrx_word' id='word_1_232' title='bbox 528 2861 704 2940; x_wconf 90' lang='lat' dir='ltr'><strong>Pythodoro</strong></span> <span class='ocrx_word' id='word_1_233' title='bbox 726 2861 836 2920; x_wconf 89' lang='lat' dir='ltr'><strong>nubere</strong></span> <span class='ocrx_word' id='word_1_234' title='bbox 858 2862 996 2937; x_wconf 83' lang='lat' dir='ltr'><strong>potuerit.</strong></span> <span class='ocrx_word' id='word_1_235' title='bbox 1028 2863 1179 2921; x_wconf 86' lang='lat' dir='ltr'><strong>Antonius</strong></span> <span class='ocrx_word' id='word_1_236' title='bbox 1201 2870 1290 2922; x_wconf 90' lang='lat' dir='ltr'><strong>natus</strong></span> <span class='ocrx_word' id='word_1_237' title='bbox 1311 2880 1336 2920; x_wconf 83' lang='lat' dir='ltr'><strong>c</strong></span> <span class='ocrx_word' id='word_1_238' title='bbox 1352 2881 1379 2920; x_wconf 90' lang='lat' dir='ltr'><strong>a.</strong></span> <span class='ocrx_word' id='word_1_239' title='bbox 1394 2883 1424 2920; x_wconf 92' lang='lat' dir='ltr'><strong>u.</strong></span> <span class='ocrx_word' id='word_1_240' title='bbox 1442 2879 1467 2922; x_wconf 89' lang='lat' dir='ltr'><strong>c.</strong></span> <span class='ocrx_word' id='word_1_241' title='bbox 1484 2861 1538 2921; x_wconf 90' lang='grc'><strong>671</strong></span> <span class='ocrx_word' id='word_1_242' title='bbox 1560 2875 1652 2918; x_wconf 86' lang='lat' dir='ltr'><strong>uxores</strong></span> 
     </span>
     <span class='ocr_line' id='line_1_24' title="bbox 349 2959 1652 3040; baseline -0.005 -16"><span class='ocrx_word' id='word_1_243' title='bbox 349 2963 436 3024; x_wconf 85' lang='lat' dir='ltr'><strong>duxit</strong></span> <span class='ocrx_word' id='word_1_244' title='bbox 456 2970 598 3040; x_wconf 87' lang='lat' dir='ltr'><strong>quattuor</strong></span> <span class='ocrx_word' id='word_1_245' title='bbox 626 2963 751 3022; x_wconf 81' lang='lat' dir='ltr'><strong>Fadium</strong></span> <span class='ocrx_word' id='word_1_246' title='bbox 781 2964 943 3024; x_wconf 86' lang='lat' dir='ltr'><strong>Antoniam</strong></span> <span class='ocrx_word' id='word_1_247' title='bbox 966 2963 1105 3022; x_wconf 81' lang='lat' dir='ltr'><strong>Fulviam</strong></span> <span class='ocrx_word' id='word_1_248' title='bbox 1134 2963 1307 3034; x_wconf 84' lang='lat' dir='ltr'><strong>Octaviam,</strong></span> <span class='ocrx_word' id='word_1_249' title='bbox 1333 2963 1465 3040; x_wconf 90' lang='lat' dir='ltr'><strong>denique</strong></span> <span class='ocrx_word' id='word_1_250' title='bbox 1485 2963 1582 3022; x_wconf 86' lang='lat' dir='ltr'><strong>uxoris</strong></span> <span class='ocrx_word' id='word_1_251' title='bbox 1598 2959 1652 3018; x_wconf 80' lang='lat' dir='ltr'><strong>loco</strong></span> 
     </span>
     <span class='ocr_line' id='line_1_25' title="bbox 348 3063 1652 3144; baseline -0.005 -18"><span class='ocrx_word' id='word_1_252' title='bbox 348 3065 453 3126; x_wconf 89' lang='lat' dir='ltr'><strong>habuit</strong></span> <span class='ocrx_word' id='word_1_253' title='bbox 474 3065 666 3144; x_wconf 82' lang='lat' dir='ltr'><strong>Cleopatram</strong></span> <span class='ocrx_word' id='word_1_254' title='bbox 699 3067 833 3144; x_wconf 85' lang='lat' dir='ltr'><strong>reginam</strong></span> <span class='ocrx_word' id='word_1_255' title='bbox 863 3067 1004 3144; x_wconf 85' lang='lat' dir='ltr'><strong>Aegypti.</strong></span> <span class='ocrx_word' id='word_1_256' title='bbox 1047 3065 1175 3126; x_wconf 87' lang='lat' dir='ltr'><strong>Liberos</strong></span> <span class='ocrx_word' id='word_1_257' title='bbox 1207 3085 1247 3126; x_wconf 85' lang='lat' dir='ltr'><strong>ex</strong></span> <span class='ocrx_word' id='word_1_258' title='bbox 1274 3065 1372 3124; x_wconf 88' lang='lat' dir='ltr'><strong>Fadia</strong></span> <span class='ocrx_word' id='word_1_259' title='bbox 1393 3065 1527 3126; x_wconf 86' lang='lat' dir='ltr'><strong>sublatos</strong></span> <span class='ocrx_word' id='word_1_260' title='bbox 1545 3063 1652 3123; x_wconf 84' lang='lat' dir='ltr'><strong>infantes</strong></span> 
     </span>
     <span class='ocr_line' id='line_1_26' title="bbox 338 3161 1653 3246; baseline -0.005 -19"><span class='ocrx_word' id='word_1_261' title='bbox 338 3169 451 3228; x_wconf 61' lang='lat' dir='ltr'><strong>‘amisit</strong></span> <span class='ocrx_word' id='word_1_262' title='bbox 466 3161 575 3230; x_wconf 61' lang='lat' dir='ltr'><strong>&#39;omnes</strong></span> <span class='ocrx_word' id='word_1_263' title='bbox 601 3176 670 3227; x_wconf 91' lang='lat' dir='ltr'><strong>ante</strong></span> <span class='ocrx_word' id='word_1_264' title='bbox 696 3188 724 3228; x_wconf 87' lang='lat' dir='ltr'><strong>a.</strong></span> <span class='ocrx_word' id='word_1_265' title='bbox 746 3167 852 3245; x_wconf 80' lang='lat'><strong>710³).</strong></span> <span class='ocrx_word' id='word_1_266' title='bbox 895 3167 945 3227; x_wconf 84' lang='lat' dir='ltr'><strong>Ex</strong></span> <span class='ocrx_word' id='word_1_267' title='bbox 966 3167 1091 3246; x_wconf 90' lang='lat' dir='ltr'><strong>reliquis</strong></span> <span class='ocrx_word' id='word_1_268' title='bbox 1118 3169 1263 3228; x_wconf 85' lang='lat' dir='ltr'><strong>uxoribus</strong></span> <span class='ocrx_word' id='word_1_269' title='bbox 1285 3175 1404 3244; x_wconf 87' lang='lat' dir='ltr'><strong>praeter</strong></span> <span class='ocrx_word' id='word_1_270' title='bbox 1425 3177 1562 3246; x_wconf 91' lang='lat' dir='ltr'><strong>quattuor</strong></span> <span class='ocrx_word' id='word_1_271' title='bbox 1578 3163 1653 3234; x_wconf 87' lang='lat' dir='ltr'><strong>tilios,</strong></span> 
     </span>
     <span class='ocr_line' id='line_1_27' title="bbox 349 3269 1651 3349; baseline -0.005 -19"><span class='ocrx_word' id='word_1_272' title='bbox 349 3269 517 3349; x_wconf 92' lang='lat' dir='ltr'><strong>dequibus</strong></span> <span class='ocrx_word' id='word_1_273' title='bbox 539 3290 599 3330; x_wconf 90' lang='lat' dir='ltr'><strong>uon</strong></span> <span class='ocrx_word' id='word_1_274' title='bbox 620 3269 769 3346; x_wconf 85' lang='lat' dir='ltr'><strong>estquod</strong></span> <span class='ocrx_word' id='word_1_275' title='bbox 790 3287 929 3349; x_wconf 81' lang='lat' dir='ltr'><strong>agamus,</strong></span> <span class='ocrx_word' id='word_1_276' title='bbox 955 3270 1034 3329; x_wconf 86' lang='lat' dir='ltr'><strong>filias</strong></span> <span class='ocrx_word' id='word_1_277' title='bbox 1062 3271 1168 3330; x_wconf 91' lang='lat' dir='ltr'><strong>habuit</strong></span> <span class='ocrx_word' id='word_1_278' title='bbox 1187 3271 1258 3329; x_wconf 87' lang='lat' dir='ltr'><strong>item</strong></span> <span class='ocrx_word' id='word_1_279' title='bbox 1279 3277 1435 3346; x_wconf 88' lang='lat' dir='ltr'><strong>quattuor,</strong></span> <span class='ocrx_word' id='word_1_280' title='bbox 1464 3271 1570 3331; x_wconf 89' lang='lat' dir='ltr'><strong>scilicet</strong></span> <span class='ocrx_word' id='word_1_281' title='bbox 1590 3283 1651 3336; x_wconf 84' lang='grc' dir='ltr'>ιιιιι,</span> 
     </span>
     <span class='ocr_line' id='line_1_28' title="bbox 349 3366 1652 3452; baseline -0.006 -20"><span class='ocrx_word' id='word_1_282' title='bbox 349 3391 426 3450; x_wconf 91' lang='lat' dir='ltr'><strong>quae</strong></span> <span class='ocrx_word' id='word_1_283' title='bbox 449 3373 601 3452; x_wconf 86' lang='lat' dir='ltr'><strong>desponsa</strong></span> <span class='ocrx_word' id='word_1_284' title='bbox 627 3382 674 3432; x_wconf 90' lang='lat' dir='ltr'><strong>est</strong></span> <span class='ocrx_word' id='word_1_285' title='bbox 694 3371 810 3450; x_wconf 91' lang='lat' dir='ltr'><strong>Lepido</strong></span> <span class='ocrx_word' id='word_1_286' title='bbox 837 3372 985 3430; x_wconf 87' lang='lat' dir='ltr'><strong>triumviri</strong></span> <span class='ocrx_word' id='word_1_287' title='bbox 1007 3371 1069 3430; x_wconf 85' lang='lat' dir='ltr'><strong>filio</strong></span> <span class='ocrx_word' id='word_1_288' title='bbox 1091 3391 1118 3430; x_wconf 90' lang='lat' dir='ltr'><strong>a.</strong></span> <span class='ocrx_word' id='word_1_289' title='bbox 1142 3373 1218 3443; x_wconf 89' lang='grc'><strong>710,</strong></span> <span class='ocrx_word' id='word_1_290' title='bbox 1248 3371 1355 3431; x_wconf 90' lang='lat' dir='ltr'><strong>deiude</strong></span> <span class='ocrx_word' id='word_1_291' title='bbox 1382 3371 1459 3432; x_wconf 87' lang='lat' dir='ltr'><strong>duas</strong></span> <span class='ocrx_word' id='word_1_292' title='bbox 1480 3391 1517 3431; x_wconf 86' lang='lat' dir='ltr'><strong>ex</strong></span> <span class='ocrx_word' id='word_1_293' title='bbox 1537 3366 1652 3436; x_wconf 79' lang='lat' dir='ltr'><strong>Octavia,</strong></span> 
     </span>
    </p>
   </div>
   <div class='ocr_carea' id='block_1_6' title="bbox 249 3471 1652 3553">
    <p class='ocr_par' dir='ltr' id='par_1_6' title="bbox 249 3471 1652 3553">
     <span class='ocr_line' id='line_1_29' title="bbox 249 3471 1652 3553; baseline -0.004 -21"><span class='ocrx_word' id='word_1_294' title='bbox 249 3522 250 3525; x_wconf 22' lang='grc' dir='ltr'>ι</span> <span class='ocrx_word' id='word_1_295' title='bbox 349 3493 428 3551; x_wconf 89' lang='lat' dir='ltr'><strong>quae</strong></span> <span class='ocrx_word' id='word_1_296' title='bbox 449 3483 556 3553; x_wconf 85' lang='lat' dir='ltr'><strong>postca</strong></span> <span class='ocrx_word' id='word_1_297' title='bbox 570 3483 735 3552; x_wconf 89' lang='lat' dir='ltr'><strong>nupserunt</strong></span> <span class='ocrx_word' id='word_1_298' title='bbox 748 3474 951 3534; x_wconf 83' lang='lat' dir='ltr'><strong>Ahenobarbo</strong></span> <span class='ocrx_word' id='word_1_299' title='bbox 973 3481 1003 3531; x_wconf 92' lang='lat' dir='ltr'><strong>et</strong></span> <span class='ocrx_word' id='word_1_300' title='bbox 1016 3473 1132 3546; x_wconf 89' lang='lat' dir='ltr'><strong>Druso,</strong></span> <span class='ocrx_word' id='word_1_301' title='bbox 1155 3474 1283 3550; x_wconf 90' lang='lat' dir='ltr'><strong>denique</strong></span> <span class='ocrx_word' id='word_1_302' title='bbox 1304 3481 1441 3551; x_wconf 90' lang='lat' dir='ltr'><strong>quartam</strong></span> <span class='ocrx_word' id='word_1_303' title='bbox 1463 3493 1502 3533; x_wconf 85' lang='lat' dir='ltr'><strong>ex</strong></span> <span class='ocrx_word' id='word_1_304' title='bbox 1515 3471 1652 3546; x_wconf 84' lang='lat' dir='ltr'><strong>Cleopatra</strong></span> 
     </span>
    </p>
   </div>
   <div class='ocr_carea' id='block_1_7' title="bbox 349 3575 1652 3760">
    <p class='ocr_par' dir='ltr' id='par_1_7' title="bbox 349 3575 1652 3760">
     <span class='ocr_line' id='line_1_30' title="bbox 349 3575 1652 3653; baseline -0.005 -19"><span class='ocrx_word' id='word_1_305' title='bbox 349 3583 457 3653; x_wconf 88' lang='lat' dir='ltr'><strong>postea</strong></span> <span class='ocrx_word' id='word_1_306' title='bbox 480 3596 606 3636; x_wconf 84' lang='lat' dir='ltr'><strong>uxorem</strong></span> <span class='ocrx_word' id='word_1_307' title='bbox 628 3576 721 3635; x_wconf 88' lang='lat' dir='ltr'><strong>Iubae</strong></span> <span class='ocrx_word' id='word_1_308' title='bbox 740 3577 821 3653; x_wconf 82' lang='lat' dir='ltr'><strong>regis</strong></span> <span class='ocrx_word' id='word_1_309' title='bbox 843 3577 1056 3636; x_wconf 85' lang='lat' dir='ltr'><strong>Mauretaniae.</strong></span> <span class='ocrx_word' id='word_1_310' title='bbox 1099 3575 1148 3634; x_wconf 83' lang='lat' dir='ltr'><strong>Ex</strong></span> <span class='ocrx_word' id='word_1_311' title='bbox 1169 3576 1217 3634; x_wconf 90' lang='lat' dir='ltr'><strong>his</strong></span> <span class='ocrx_word' id='word_1_312' title='bbox 1239 3584 1299 3634; x_wconf 90' lang='lat' dir='ltr'><strong>tres</strong></span> <span class='ocrx_word' id='word_1_313' title='bbox 1320 3582 1490 3653; x_wconf 87' lang='lat' dir='ltr'><strong>postremas</strong></span> <span class='ocrx_word' id='word_1_314' title='bbox 1510 3583 1652 3650; x_wconf 88' lang='lat' dir='ltr'><strong>temporum</strong></span> 
     </span>
     <span class='ocr_line' id='line_1_31' title="bbox 350 3671 1650 3760; baseline -0.005 -25"><span class='ocrx_word' id='word_1_315' title='bbox 350 3679 481 3736; x_wconf 85' lang='lat' dir='ltr'><strong>rationes</strong></span> <span class='ocrx_word' id='word_1_316' title='bbox 502 3676 676 3760; x_wconf 86' lang='lat' dir='ltr'><strong>excludunt,</strong></span> <span class='ocrx_word' id='word_1_317' title='bbox 703 3695 772 3737; x_wconf 88' lang='lat' dir='ltr'><strong>nam</strong></span> <span class='ocrx_word' id='word_1_318' title='bbox 793 3695 861 3737; x_wconf 89' lang='lat' dir='ltr'><strong>cum</strong></span> <span class='ocrx_word' id='word_1_319' title='bbox 883 3679 1046 3737; x_wconf 86' lang='lat' dir='ltr'><strong>Antoniam</strong></span> <span class='ocrx_word' id='word_1_320' title='bbox 1067 3695 1144 3749; x_wconf 88' lang='lat' dir='ltr'><strong>eam,</strong></span> <span class='ocrx_word' id='word_1_321' title='bbox 1169 3696 1260 3754; x_wconf 90' lang='lat' dir='ltr'><strong>quam</strong></span> <span class='ocrx_word' id='word_1_322' title='bbox 1281 3678 1466 3753; x_wconf 89' lang='lat' dir='ltr'><strong>quaerimus,</strong></span> <span class='ocrx_word' id='word_1_323' title='bbox 1486 3675 1568 3736; x_wconf 88' lang='lat' dir='ltr'><strong>modo</strong></span> <span class='ocrx_word' id='word_1_324' title='bbox 1587 3671 1650 3730; x_wconf 80' lang='lat' dir='ltr'><strong>vide·</strong></span> 
     </span>
    </p>
   </div>
   <div class='ocr_carea' id='block_1_8' title="bbox 350 3773 1736 3858">
    <p class='ocr_par' dir='ltr' id='par_1_8' title="bbox 350 3773 1736 3858">
     <span class='ocr_line' id='line_1_32' title="bbox 350 3773 1736 3858; baseline -0.004 -22"><span class='ocrx_word' id='word_1_325' title='bbox 350 3777 442 3836; x_wconf 70' lang='lat' dir='ltr'><strong>fimus</strong></span> <span class='ocrx_word' id='word_1_326' title='bbox 463 3787 564 3838; x_wconf 91' lang='lat' dir='ltr'><strong>natam</strong></span> <span class='ocrx_word' id='word_1_327' title='bbox 586 3795 735 3838; x_wconf 90' lang='lat' dir='ltr'><strong>essenon</strong></span> <span class='ocrx_word' id='word_1_328' title='bbox 756 3789 827 3858; x_wconf 92' lang='lat' dir='ltr'><strong>post</strong></span> <span class='ocrx_word' id='word_1_329' title='bbox 848 3798 959 3838; x_wconf 90' lang='lat' dir='ltr'><strong>annum</strong></span> <span class='ocrx_word' id='word_1_330' title='bbox 984 3779 1054 3850; x_wconf 85' lang='grc'><strong>705,</strong></span> <span class='ocrx_word' id='word_1_331' title='bbox 1076 3797 1136 3838; x_wconf 92' lang='lat' dir='ltr'><strong>non</strong></span> <span class='ocrx_word' id='word_1_332' title='bbox 1158 3787 1258 3855; x_wconf 90' lang='lat' dir='ltr'><strong>potest</strong></span> <span class='ocrx_word' id='word_1_333' title='bbox 1279 3797 1315 3838; x_wconf 87' lang='lat' dir='ltr'><strong>ea</strong></span> <span class='ocrx_word' id='word_1_334' title='bbox 1334 3779 1432 3839; x_wconf 84' lang='lat' dir='ltr'><strong>fuisse</strong></span> <span class='ocrx_word' id='word_1_335' title='bbox 1451 3773 1650 3838; x_wconf 84' lang='lat' dir='ltr'><strong>AntoniuAhe</strong></span> <span class='ocrx_word' id='word_1_336' title='bbox 1735 3843 1736 3846; x_wconf 11' lang='grc'><strong>1</strong></span> 
     </span>
    </p>
   </div>
   <div class='ocr_carea' id='block_1_9' title="bbox 349 3872 1651 4264">
    <p class='ocr_par' dir='ltr' id='par_1_9' title="bbox 349 3872 1651 4264">
     <span class='ocr_line' id='line_1_33' title="bbox 349 3872 1651 3941; baseline -0.005 -4"><span class='ocrx_word' id='word_1_337' title='bbox 349 3877 477 3938; x_wconf 91' lang='lat' dir='ltr'><strong>nobarbi</strong></span> <span class='ocrx_word' id='word_1_338' title='bbox 497 3887 568 3938; x_wconf 89' lang='lat' dir='ltr'><strong>nata</strong></span> <span class='ocrx_word' id='word_1_339' title='bbox 582 3899 608 3939; x_wconf 91' lang='lat' dir='ltr'><strong>a.</strong></span> <span class='ocrx_word' id='word_1_340' title='bbox 625 3881 685 3940; x_wconf 87' lang='grc'><strong>715</strong></span> <span class='ocrx_word' id='word_1_341' title='bbox 707 3888 738 3938; x_wconf 92' lang='lat' dir='ltr'><strong>et</strong></span> <span class='ocrx_word' id='word_1_342' title='bbox 751 3881 845 3940; x_wconf 90' lang='lat' dir='ltr'><strong>multo</strong></span> <span class='ocrx_word' id='word_1_343' title='bbox 860 3882 959 3940; x_wconf 91' lang='lat' dir='ltr'><strong>minus</strong></span> <span class='ocrx_word' id='word_1_344' title='bbox 975 3897 1094 3940; x_wconf 88' lang='lat' dir='ltr'><strong>sorores</strong></span> <span class='ocrx_word' id='word_1_345' title='bbox 1109 3881 1174 3939; x_wconf 90' lang='lat' dir='ltr'><strong>eius</strong></span> <span class='ocrx_word' id='word_1_346' title='bbox 1188 3881 1319 3940; x_wconf 89' lang='lat' dir='ltr'><strong>minores</strong></span> <span class='ocrx_word' id='word_1_347' title='bbox 1333 3890 1423 3941; x_wconf 87' lang='lat' dir='ltr'><strong>natae</strong></span> <span class='ocrx_word' id='word_1_348' title='bbox 1437 3881 1530 3941; x_wconf 86' lang='lat' dir='ltr'><strong>altera</strong></span> <span class='ocrx_word' id='word_1_349' title='bbox 1542 3872 1651 3936; x_wconf 78' lang='lat' dir='ltr'><strong>suoru</strong></span> 
     </span>
     <span class='ocr_line' id='line_1_34' title="bbox 349 3973 1650 4059; baseline -0.003 -19"><span class='ocrx_word' id='word_1_350' title='bbox 349 3979 447 4040; x_wconf 91' lang='lat' dir='ltr'><strong>Drusi</strong></span> <span class='ocrx_word' id='word_1_351' title='bbox 464 3999 491 4040; x_wconf 87' lang='lat' dir='ltr'><strong>a.</strong></span> <span class='ocrx_word' id='word_1_352' title='bbox 509 3979 579 4054; x_wconf 91' lang='grc'><strong>718,</strong></span> <span class='ocrx_word' id='word_1_353' title='bbox 602 3981 695 4041; x_wconf 87' lang='lat' dir='ltr'><strong>altera</strong></span> <span class='ocrx_word' id='word_1_354' title='bbox 709 3980 874 4059; x_wconf 82' lang='lat' dir='ltr'><strong>Cleopatra</strong></span> <span class='ocrx_word' id='word_1_355' title='bbox 895 4003 922 4042; x_wconf 86' lang='lat' dir='ltr'><strong>a.</strong></span> <span class='ocrx_word' id='word_1_356' title='bbox 946 3983 1015 4043; x_wconf 85' lang='grc'><strong>710.</strong></span> <span class='ocrx_word' id='word_1_357' title='bbox 1053 3981 1214 4042; x_wconf 86' lang='lat' dir='ltr'><strong>Praeterea</strong></span> <span class='ocrx_word' id='word_1_358' title='bbox 1234 3983 1341 4042; x_wconf 90' lang='lat' dir='ltr'><strong>harum</strong></span> <span class='ocrx_word' id='word_1_359' title='bbox 1363 3984 1496 4042; x_wconf 90' lang='lat' dir='ltr'><strong>omnium</strong></span> <span class='ocrx_word' id='word_1_360' title='bbox 1516 3981 1572 4040; x_wconf 82' lang='lat' dir='ltr'><strong>viu</strong></span> <span class='ocrx_word' id='word_1_361' title='bbox 1590 3973 1650 4036; x_wconf 80' lang='lat' dir='ltr'><strong>satit</strong></span> 
     </span>
     <span class='ocr_line' id='line_1_35' title="bbox 349 4083 1651 4163; baseline -0.002 -22"><span class='ocrx_word' id='word_1_362' title='bbox 349 4090 442 4161; x_wconf 86' lang='lat' dir='ltr'><strong>patet,</strong></span> <span class='ocrx_word' id='word_1_363' title='bbox 463 4102 518 4142; x_wconf 91' lang='lat' dir='ltr'><strong>nec</strong></span> <span class='ocrx_word' id='word_1_364' title='bbox 539 4083 681 4144; x_wconf 89' lang='lat' dir='ltr'><strong>credibile</strong></span> <span class='ocrx_word' id='word_1_365' title='bbox 701 4094 762 4157; x_wconf 90' lang='lat' dir='ltr'><strong>est,</strong></span> <span class='ocrx_word' id='word_1_366' title='bbox 788 4085 898 4161; x_wconf 89' lang='lat' dir='ltr'><strong>siqua</strong></span> <span class='ocrx_word' id='word_1_367' title='bbox 922 4103 1026 4144; x_wconf 88' lang='lat' dir='ltr'><strong>eurum</strong></span> <span class='ocrx_word' id='word_1_368' title='bbox 1047 4084 1223 4162; x_wconf 91' lang='lat' dir='ltr'><strong>Pythodoro</strong></span> <span class='ocrx_word' id='word_1_369' title='bbox 1248 4083 1414 4163; x_wconf 86' lang='lat' dir='ltr'><strong>nupsisset,</strong></span> <span class='ocrx_word' id='word_1_370' title='bbox 1443 4091 1572 4144; x_wconf 88' lang='lat' dir='ltr'><strong>auctores</strong></span> <span class='ocrx_word' id='word_1_371' title='bbox 1590 4091 1651 4154; x_wconf 72' lang='lat' dir='ltr'><strong>quot</strong></span> 
     </span>
     <span class='ocr_line' id='line_1_36' title="bbox 349 4181 1650 4264; baseline -0.005 -19"><span class='ocrx_word' id='word_1_372' title='bbox 349 4185 493 4245; x_wconf 88' lang='lat' dir='ltr'><strong>habemus</strong></span> <span class='ocrx_word' id='word_1_373' title='bbox 516 4203 621 4246; x_wconf 88' lang='lat' dir='ltr'><strong>omnes</strong></span> <span class='ocrx_word' id='word_1_374' title='bbox 642 4187 673 4246; x_wconf 91' lang='lat' dir='ltr'><strong>id</strong></span> <span class='ocrx_word' id='word_1_375' title='bbox 694 4188 909 4264; x_wconf 88' lang='lat' dir='ltr'><strong>praeterituros</strong></span> <span class='ocrx_word' id='word_1_376' title='bbox 929 4187 1035 4246; x_wconf 83' lang='lat' dir='ltr'><strong>fuisse.</strong></span> <span class='ocrx_word' id='word_1_377' title='bbox 1080 4183 1161 4259; x_wconf 82' lang='lat' dir='ltr'><strong>Quid</strong></span> <span class='ocrx_word' id='word_1_378' title='bbox 1181 4185 1263 4261; x_wconf 93' lang='lat' dir='ltr'><strong>quod</strong></span> <span class='ocrx_word' id='word_1_379' title='bbox 1282 4187 1418 4246; x_wconf 87' lang='lat' dir='ltr'><strong>Antonia</strong></span> <span class='ocrx_word' id='word_1_380' title='bbox 1438 4187 1531 4246; x_wconf 85' lang='lat' dir='ltr'><strong>maior</strong></span> <span class='ocrx_word' id='word_1_381' title='bbox 1549 4181 1650 4241; x_wconf 83' lang='lat' dir='ltr'><strong>Aheno·</strong></span> 
     </span>
    </p>
   </div>
   <div class='ocr_carea' id='block_1_10' title="bbox 349 4279 1736 4471">
    <p class='ocr_par' dir='ltr' id='par_1_10' title="bbox 349 4279 1736 4471">
     <span class='ocr_line' id='line_1_37' title="bbox 349 4279 1650 4364; baseline -0.01 -16"><span class='ocrx_word' id='word_1_382' title='bbox 349 4289 443 4349; x_wconf 88' lang='lat' dir='ltr'><strong>barbo</strong></span> <span class='ocrx_word' id='word_1_383' title='bbox 465 4288 564 4348; x_wconf 84' lang='lat' dir='ltr'><strong>infans</strong></span> <span class='ocrx_word' id='word_1_384' title='bbox 585 4289 739 4348; x_wconf 89' lang='lat' dir='ltr'><strong>etiamtum</strong></span> <span class='ocrx_word' id='word_1_385' title='bbox 760 4307 786 4347; x_wconf 89' lang='lat' dir='ltr'><strong>c.</strong></span> <span class='ocrx_word' id='word_1_386' title='bbox 809 4307 836 4348; x_wconf 91' lang='lat' dir='ltr'><strong>a.</strong></span> <span class='ocrx_word' id='word_1_387' title='bbox 852 4289 912 4347; x_wconf 89' lang='grc'><strong>717</strong></span> <span class='ocrx_word' id='word_1_388' title='bbox 935 4288 1086 4364; x_wconf 87' lang='lat' dir='ltr'><strong>desponsa</strong></span> <span class='ocrx_word' id='word_1_389' title='bbox 1105 4295 1176 4364; x_wconf 92' lang='lat' dir='ltr'><strong>post</strong></span> <span class='ocrx_word' id='word_1_390' title='bbox 1195 4289 1309 4346; x_wconf 91' lang='lat' dir='ltr'><strong>obitum</strong></span> <span class='ocrx_word' id='word_1_391' title='bbox 1330 4288 1426 4364; x_wconf 86' lang='lat' dir='ltr'><strong>patris</strong></span> <span class='ocrx_word' id='word_1_392' title='bbox 1441 4287 1554 4347; x_wconf 87' lang='lat' dir='ltr'><strong>demum</strong></span> <span class='ocrx_word' id='word_1_393' title='bbox 1573 4279 1650 4341; x_wconf 84' lang='lat' dir='ltr'><strong>eidem</strong></span> 
     </span>
     <span class='ocr_line' id='line_1_38' title="bbox 349 4388 1736 4471; baseline -0.008 -21"><span class='ocrx_word' id='word_1_394' title='bbox 349 4393 452 4471; x_wconf 91' lang='lat' dir='ltr'><strong>nupsit</strong></span> <span class='ocrx_word' id='word_1_395' title='bbox 472 4410 527 4451; x_wconf 88' lang='lat' dir='ltr'><strong>uec</strong></span> <span class='ocrx_word' id='word_1_396' title='bbox 540 4391 623 4452; x_wconf 84' lang='lat' dir='ltr'><strong>brevi</strong></span> <span class='ocrx_word' id='word_1_397' title='bbox 644 4399 778 4468; x_wconf 91' lang='lat' dir='ltr'><strong>tempore</strong></span> <span class='ocrx_word' id='word_1_398' title='bbox 798 4391 831 4450; x_wconf 93' lang='lat' dir='ltr'><strong>in</strong></span> <span class='ocrx_word' id='word_1_399' title='bbox 845 4408 881 4450; x_wconf 89' lang='lat' dir='ltr'><strong>eo</strong></span> <span class='ocrx_word' id='word_1_400' title='bbox 897 4389 1086 4449; x_wconf 89' lang='lat' dir='ltr'><strong>matrimonio</strong></span> <span class='ocrx_word' id='word_1_401' title='bbox 1100 4390 1276 4467; x_wconf 87' lang='lat' dir='ltr'><strong>permansit,</strong></span> <span class='ocrx_word' id='word_1_402' title='bbox 1298 4408 1365 4450; x_wconf 91' lang='lat' dir='ltr'><strong>cum</strong></span> <span class='ocrx_word' id='word_1_403' title='bbox 1380 4388 1460 4449; x_wconf 87' lang='lat' dir='ltr'><strong>filius</strong></span> <span class='ocrx_word' id='word_1_404' title='bbox 1481 4406 1519 4448; x_wconf 84' lang='grc' dir='ltr'><strong>ιιι</strong></span> <span class='ocrx_word' id='word_1_405' title='bbox 1535 4402 1567 4445; x_wconf 91' lang='grc' dir='ltr'>ιο</span> <span class='ocrx_word' id='word_1_406' title='bbox 1579 4390 1649 4442; x_wconf 79' lang='lat' dir='ltr'><strong>unus</strong></span> <span class='ocrx_word' id='word_1_407' title='bbox 1735 4411 1736 4414; x_wconf 18' lang='grc' dir='ltr'>ι</span> 
     </span>
    </p>
   </div>
   <div class='ocr_carea' id='block_1_11' title="bbox 351 4653 1736 4922">
    <p class='ocr_par' dir='ltr' id='par_1_11' title="bbox 351 4653 1736 4922">
     <span class='ocr_line' id='line_1_39' title="bbox 354 4653 1736 4738; baseline 0.003 -20"><span class='ocrx_word' id='word_1_408' title='bbox 354 4667 464 4718; x_wconf 89' lang='lat' dir='ltr'><strong>diderim</strong></span> <span class='ocrx_word' id='word_1_409' title='bbox 488 4683 546 4720; x_wconf 88' lang='lat' dir='ltr'><strong>eum</strong></span> <span class='ocrx_word' id='word_1_410' title='bbox 565 4678 671 4737; x_wconf 85' lang='lat' dir='ltr'><strong>propter</strong></span> <span class='ocrx_word' id='word_1_411' title='bbox 693 4671 807 4738; x_wconf 83' lang='lat' dir='ltr'><strong>aliquam</strong></span> <span class='ocrx_word' id='word_1_412' title='bbox 830 4685 944 4734; x_wconf 87' lang='lat' dir='ltr'><strong>causam,</strong></span> <span class='ocrx_word' id='word_1_413' title='bbox 967 4670 1088 4721; x_wconf 90' lang='lat' dir='ltr'><strong>morbum</strong></span> <span class='ocrx_word' id='word_1_414' title='bbox 1111 4669 1230 4732; x_wconf 79' lang='lat' dir='ltr'><strong>tortasse,</strong></span> <span class='ocrx_word' id='word_1_415' title='bbox 1255 4669 1287 4720; x_wconf 89' lang='lat' dir='ltr'><strong>ab</strong></span> <span class='ocrx_word' id='word_1_416' title='bbox 1311 4668 1530 4720; x_wconf 83' lang='lat' dir='ltr'><strong>administratione</strong></span> <span class='ocrx_word' id='word_1_417' title='bbox 1546 4665 1649 4714; x_wconf 63' lang='lat' dir='ltr'><strong>cenom</strong></span> <span class='ocrx_word' id='word_1_418' title='bbox 1735 4653 1736 4722; x_wconf 54' lang='lat' dir='ltr'>J</span> 
     </span>
     <span class='ocr_line' id='line_1_40' title="bbox 351 4745 1736 4834; baseline -0.006 -25"><span class='ocrx_word' id='word_1_419' title='bbox 351 4766 434 4809; x_wconf 86' lang='lat' dir='ltr'><strong>matre</strong></span> <span class='ocrx_word' id='word_1_420' title='bbox 451 4761 511 4810; x_wconf 82' lang='lat' dir='ltr'><strong>vira</strong></span> <span class='ocrx_word' id='word_1_421' title='bbox 530 4761 624 4814; x_wconf 81' lang='lat' dir='ltr'><strong>obiisse</strong></span> <span class='ocrx_word' id='word_1_422' title='bbox 648 4764 729 4814; x_wconf 86' lang='lat' dir='ltr'><strong>etita</strong></span> <span class='ocrx_word' id='word_1_423' title='bbox 746 4758 919 4828; x_wconf 87' lang='lat' dir='ltr'><strong>Pythodoridi</strong></span> <span class='ocrx_word' id='word_1_424' title='bbox 937 4777 984 4828; x_wconf 91' lang='lat' dir='ltr'><strong>pro</strong></span> <span class='ocrx_word' id='word_1_425' title='bbox 1003 4763 1058 4812; x_wconf 81' lang='lat' dir='ltr'><strong>filio</strong></span> <span class='ocrx_word' id='word_1_426' title='bbox 1077 4769 1198 4828; x_wconf 90' lang='lat' dir='ltr'><strong>nepotem</strong></span> <span class='ocrx_word' id='word_1_427' title='bbox 1217 4762 1377 4813; x_wconf 80' lang='lat' dir='ltr'><strong>successisse.</strong></span> <span class='ocrx_word' id='word_1_428' title='bbox 1407 4759 1464 4812; x_wconf 86' lang='lat' dir='ltr'><strong>Nec</strong></span> <span class='ocrx_word' id='word_1_429' title='bbox 1481 4757 1539 4810; x_wconf 77' lang='lat' dir='ltr'><strong>satis</strong></span> <span class='ocrx_word' id='word_1_430' title='bbox 1554 4751 1579 4804; x_wconf 86' lang='lat' dir='ltr'><strong>id</strong></span> <span class='ocrx_word' id='word_1_431' title='bbox 1594 4745 1646 4800; x_wconf 76' lang='lat' dir='ltr'><strong>retu·</strong></span> <span class='ocrx_word' id='word_1_432' title='bbox 1735 4775 1736 4834; x_wconf 76' lang='grc'><strong>1</strong></span> 
     </span>
     <span class='ocr_line' id='line_1_41' title="bbox 351 4831 1736 4922; baseline -0.001 -23"><span class='ocrx_word' id='word_1_433' title='bbox 351 4857 421 4900; x_wconf 88' lang='lat' dir='ltr'><strong>tatur</strong></span> <span class='ocrx_word' id='word_1_434' title='bbox 439 4864 470 4899; x_wconf 89' lang='lat' dir='ltr'><strong>eo</strong></span> <span class='ocrx_word' id='word_1_435' title='bbox 489 4852 559 4915; x_wconf 87' lang='lat' dir='ltr'><strong>quod</strong></span> <span class='ocrx_word' id='word_1_436' title='bbox 577 4851 630 4903; x_wconf 92' lang='lat' dir='ltr'><strong>Dio</strong></span> <span class='ocrx_word' id='word_1_437' title='bbox 648 4853 704 4916; x_wconf 84' lang='grc'><strong>(69,</strong></span> <span class='ocrx_word' id='word_1_438' title='bbox 720 4854 764 4918; x_wconf 78' lang='grc'><strong>17)</strong></span> <span class='ocrx_word' id='word_1_439' title='bbox 783 4856 872 4906; x_wconf 90' lang='lat' dir='ltr'><strong>scribit</strong></span> <span class='ocrx_word' id='word_1_440' title='bbox 891 4869 915 4906; x_wconf 76' lang='lat' dir='ltr'><strong>a</strong></span> <span class='ocrx_word' id='word_1_441' title='bbox 930 4854 964 4905; x_wconf 87' lang='grc'><strong>36</strong></span> <span class='ocrx_word' id='word_1_442' title='bbox 979 4853 1073 4906; x_wconf 81' lang='lat' dir='ltr'><strong>Caium</strong></span> <span class='ocrx_word' id='word_1_443' title='bbox 1091 4854 1195 4905; x_wconf 86' lang='lat' dir='ltr'><strong>dedisse</strong></span> <span class='ocrx_word' id='word_1_444' title='bbox 1208 4849 1345 4921; x_wconf 75' lang='grc' dir='ltr'>Πολίμιινι</span> <span class='ocrx_word' id='word_1_445' title='bbox 1362 4849 1397 4916; x_wconf 63' lang='grc' dir='ltr'><strong>τῦ</strong></span> <span class='ocrx_word' id='word_1_446' title='bbox 1408 4847 1452 4902; x_wconf 78' lang='grc' dir='ltr'><strong>τοῦ</strong></span> <span class='ocrx_word' id='word_1_447' title='bbox 1464 4831 1649 4914; x_wconf 64' lang='lat' dir='ltr'><strong>nrtlpuntthl</strong></span> <span class='ocrx_word' id='word_1_448' title='bbox 1735 4847 1736 4922; x_wconf 86' lang='grc'><strong>1</strong></span> 
     </span>
    </p>
   </div>
   <div class='ocr_carea' id='block_1_12' title="bbox 351 4929 1469 5287">
    <p class='ocr_par' dir='ltr' id='par_1_12' title="bbox 351 4929 1469 5287">
     <span class='ocr_line' id='line_1_42' title="bbox 351 4929 1469 5015; baseline 0.003 -25"><span class='ocrx_word' id='word_1_449' title='bbox 351 4932 394 5004; x_wconf 69' lang='lat' dir='ltr'><strong>nir</strong></span> <span class='ocrx_word' id='word_1_450' title='bbox 411 4929 523 5009; x_wconf 75' lang='lat' dir='ltr'><strong>aarpp&#39;av</strong></span> <span class='ocrx_word' id='word_1_451' title='bbox 542 4931 634 5015; x_wconf 72' lang='grc' dir='ltr'><strong>ἆρχῆν,</strong></span> <span class='ocrx_word' id='word_1_452' title='bbox 654 4959 714 4996; x_wconf 88' lang='lat' dir='ltr'><strong>nam</strong></span> <span class='ocrx_word' id='word_1_453' title='bbox 732 4953 867 5012; x_wconf 87' lang='lat' dir='ltr'><strong>paternum</strong></span> <span class='ocrx_word' id='word_1_454' title='bbox 886 4962 994 5012; x_wconf 79' lang='lat' dir='ltr'><strong>reguum</strong></span> <span class='ocrx_word' id='word_1_455' title='bbox 1012 4945 1089 4997; x_wconf 78' lang='lat' dir='ltr'><strong>tacite</strong></span> <span class='ocrx_word' id='word_1_456' title='bbox 1107 4961 1204 5011; x_wconf 86' lang='lat' dir='ltr'><strong>ponere</strong></span> <span class='ocrx_word' id='word_1_457' title='bbox 1223 4946 1308 5011; x_wconf 91' lang='lat' dir='ltr'><strong>potuit</strong></span> <span class='ocrx_word' id='word_1_458' title='bbox 1325 4959 1373 5011; x_wconf 91' lang='lat' dir='ltr'><strong>pro</strong></span> <span class='ocrx_word' id='word_1_459' title='bbox 1392 4945 1469 4995; x_wconf 79' lang='lat' dir='ltr'><strong>avito.</strong></span> 
     </span>
     <span class='ocr_line' id='line_1_43' title="bbox 428 5028 994 5104; baseline 0.014 -23"><span class='ocrx_word' id='word_1_460' title='bbox 428 5031 452 5094; x_wconf 89' lang='lat'><strong>¹)</strong></span> <span class='ocrx_word' id='word_1_461' title='bbox 471 5028 596 5099; x_wconf 67' lang='lat' dir='ltr'><strong>melaaqea</strong></span> <span class='ocrx_word' id='word_1_462' title='bbox 614 5033 645 5086; x_wconf 85' lang='lat' dir='ltr'><strong>de</strong></span> <span class='ocrx_word' id='word_1_463' title='bbox 662 5038 773 5088; x_wconf 73' lang='lat' dir='ltr'><strong>numism.</strong></span> <span class='ocrx_word' id='word_1_464' title='bbox 792 5053 840 5089; x_wconf 88' lang='lat' dir='ltr'><strong>ser.</strong></span> <span class='ocrx_word' id='word_1_465' title='bbox 856 5040 872 5088; x_wconf 79' lang='grc'><strong><em>2</em></strong></span> <span class='ocrx_word' id='word_1_466' title='bbox 890 5037 994 5104; x_wconf 84' lang='lat' dir='ltr'><strong>p.115.</strong></span> 
     </span>
     <span class='ocr_line' id='line_1_44' title="bbox 427 5121 1288 5198; baseline 0.005 -24"><span class='ocrx_word' id='word_1_467' title='bbox 427 5121 452 5187; x_wconf 77' lang='lat'><strong>²)</strong></span> <span class='ocrx_word' id='word_1_468' title='bbox 471 5121 553 5176; x_wconf 77' lang='lat' dir='ltr'><strong>Beitr.</strong></span> <span class='ocrx_word' id='word_1_469' title='bbox 571 5142 617 5176; x_wconf 80' lang='lat' dir='ltr'><strong>aur</strong></span> <span class='ocrx_word' id='word_1_470' title='bbox 638 5124 725 5178; x_wconf 77' lang='lat' dir='ltr'><strong>Geacb.</strong></span> <span class='ocrx_word' id='word_1_471' title='bbox 745 5127 791 5179; x_wconf 81' lang='lat' dir='ltr'><strong>cler</strong></span> <span class='ocrx_word' id='word_1_472' title='bbox 808 5127 908 5196; x_wconf 74' lang='lat' dir='ltr'><strong>Kdaiye</strong></span> <span class='ocrx_word' id='word_1_473' title='bbox 927 5128 971 5180; x_wconf 83' lang='lat' dir='ltr'><strong>dea</strong></span> <span class='ocrx_word' id='word_1_474' title='bbox 988 5127 1121 5198; x_wconf 78' lang='lat' dir='ltr'><strong>Bosporus</strong></span> <span class='ocrx_word' id='word_1_475' title='bbox 1138 5145 1164 5194; x_wconf 94' lang='lat' dir='ltr'><strong>p.</strong></span> <span class='ocrx_word' id='word_1_476' title='bbox 1179 5128 1214 5180; x_wconf 83' lang='grc'><strong>63</strong></span> <span class='ocrx_word' id='word_1_477' title='bbox 1234 5143 1288 5194; x_wconf 88' lang='lat' dir='ltr'><strong>seq.</strong></span> 
     </span>
     <span class='ocr_line' id='line_1_45' title="bbox 428 5213 1301 5287; baseline 0 -17"><span class='ocrx_word' id='word_1_478' title='bbox 428 5213 452 5279; x_wconf 84' lang='lat'><strong>³)</strong></span> <span class='ocrx_word' id='word_1_479' title='bbox 472 5216 564 5270; x_wconf 88' lang='lat' dir='ltr'><strong>Cicero</strong></span> <span class='ocrx_word' id='word_1_480' title='bbox 581 5217 695 5286; x_wconf 88' lang='lat' dir='ltr'><strong>Philipp.</strong></span> <span class='ocrx_word' id='word_1_481' title='bbox 716 5221 741 5282; x_wconf 81' lang='lat'><strong>2,</strong></span> <span class='ocrx_word' id='word_1_482' title='bbox 763 5221 788 5284; x_wconf 79' lang='lat'><strong>2,</strong></span> <span class='ocrx_word' id='word_1_483' title='bbox 809 5221 835 5272; x_wconf 83' lang='lat'><strong>3.</strong></span> <span class='ocrx_word' id='word_1_484' title='bbox 860 5221 904 5285; x_wconf 80' lang='lat'><strong>1³,</strong></span> <span class='ocrx_word' id='word_1_485' title='bbox 926 5224 968 5285; x_wconf 91' lang='grc'><strong>10,</strong></span> <span class='ocrx_word' id='word_1_486' title='bbox 991 5222 1039 5287; x_wconf 78' lang='grc'><strong>23;</strong></span> <span class='ocrx_word' id='word_1_487' title='bbox 1064 5221 1098 5274; x_wconf 83' lang='lat' dir='ltr'><strong>ad</strong></span> <span class='ocrx_word' id='word_1_488' title='bbox 1116 5222 1173 5273; x_wconf 80' lang='lat' dir='ltr'><strong>aa.</strong></span> <span class='ocrx_word' id='word_1_489' title='bbox 1193 5221 1237 5284; x_wconf 91' lang='grc'><strong>16,</strong></span> <span class='ocrx_word' id='word_1_490' title='bbox 1258 5221 1301 5272; x_wconf 89' lang='grc'><strong>11.</strong></span> 
     </span>
    </p>
   </div>
   <div class='ocr_carea' id='block_1_13' title="bbox 0 0 1796 5962">
    <p class='ocr_par' dir='ltr' id='par_1_13' title="bbox 0 0 1796 5962">
     <span class='ocr_line' id='line_1_46' title="bbox 0 0 1796 5962; baseline 0 0"><span class='ocrx_word' id='word_1_491' title='bbox 0 0 1796 5962; x_wconf 95' lang='lat' dir='ltr'><strong> </strong></span> 
     </span>
    </p>
   </div>
  </div>
 </body>
</html>
