3582 5956
348 1757 431 1868 1111
451 1752 927 1870 PROVINCIARVM
943 1747 1346 1866 ROMANARVM
1369 1745 1686 1864 conuiuiis

722 1926 804 2039 ΕΤ
831 1922 1305 2040 SAOERDOTIBVS.

908 2214 1113 2226 *nnn——

430 2433 507 2495 Plus
528 2430 634 2510 viginti
655 2430 726 2490 anni
747 2435 831 2501 suut,
857 2447 897 2487 ex
917 2447 977 2506 quo
998 2427 1202 2488 Mommsenos
1223 2428 1261 2487 de
1282 2425 1503 2504 provinciarum
1524 2427 1688 2488 Roman»

347 2556 413 2598 rum
440 2534 576 2595 conciliis
603 2539 635 2592 et
660 2529 866 2592 sacerdotibus
884 2530 926 2587 *in
952 2528 1107 2589 Analectis
1132 2529 1334 2609 epigraphicis
1361 2549 1390 2589 n.
1411 2529 1441 2588 8.
1461 2527 1481 2587 9
1507 2546 1585 2605 quus
1610 2538 1685 2588 turn

350 2645 421 2696 nota
446 2642 532 2696 erant
557 2635 643 2693 docte
669 2643 700 2692 et
724 2632 878 2710 eleganter
898 2630 1077 2709 composuit.
1120 2630 1196 2690 Inde
1216 2632 1255 2690 ab
1276 2647 1312 2690 eo
1333 2639 1467 2709 tempore
1488 2631 1574 2690 multi
1594 2631 1688 2689 tituli

346 2740 540 2798 innotuerunt
568 2734 606 2796 ad
633 2735 713 2794 idem
739 2738 947 2812 argumentum
974 2733 1172 2810 pertinentes,
1200 2732 1308 2810 quibus
1333 2732 1411 2792 inter
1436 2750 1470 2792 se
1495 2734 1687 2810 comparatis

348 2857 452 2898 omnes
477 2835 647 2916 provincias
673 2853 730 2894 sua
756 2834 884 2894 concilia
908 2851 1005 2912 eaque
1030 2834 1136 2894 iisdem
1158 2833 1221 2893 iere
1239 2833 1356 2912 legibus
1376 2833 1515 2894 instituta
1534 2833 1689 2894 habuisse

348 2947 487 3018 apparet,
509 2947 623 2997 utnon
645 2936 800 2996 videamur
820 2955 934 3009 errare,
957 2937 1000 3008 si,
1020 2954 1097 3013 quae
1118 2935 1149 2995 in
1171 2954 1230 2996 una
1249 2936 1407 3014 provincia
1426 2935 1587 2996 observatu
1605 2953 1689 2996 esse

346 3041 490 3122 legimus,
515 3040 547 3099 in
573 3039 680 3098 ceteris
706 3056 826 3115 qnoque
851 3038 882 3096 in
907 3055 965 3097 usu
991 3037 1087 3097 fuisse
1113 3037 1339 3098 coniecerimus.
1382 3035 1473 3112 Quod
1499 3044 1532 3097 ut
1551 3037 1688 3096 demon-

347 3153 491 3216 stremus,
520 3140 647 3218 primum
669 3157 747 3217 quae
767 3145 889 3200 exstant
909 3139 947 3200 de
968 3139 1097 3219 singolis
1119 3139 1282 3218 provinciis
1302 3139 1475 3199 testimonia
1494 3156 1553 3198 non
1574 3139 1689 3198 omnin

349 3245 469 3324 quidem
489 3275 532 3288 -
553 3243 609 3302 hoo
631 3243 710 3302 enim
731 3259 793 3301 uon
814 3241 989 3320 profitemur
1011 3273 1049 3286 -
1072 3240 1126 3300 sed
1146 3249 1229 3300 certa
1244 3247 1275 3300 et
1288 3241 1449 3318 potissima
1462 3258 1688 3318 proponemus,

347 3347 454 3408 deinde
475 3364 552 3423 quae
573 3364 612 3404 ex
633 3343 680 3404 his
702 3343 881 3403 testimoniis
904 3342 1082 3417 efficiuntur,
1109 3342 1238 3402 breviter
1258 3341 1444 3421 colligemus.
1488 3343 1535 3402 Ac
1554 3343 1688 3420 provin-

347 3451 463 3510 ciarum
483 3446 604 3524 quidem
625 3445 752 3506 concilis
773 3451 804 3505 et
825 3444 994 3504 sacerdotis
1014 3444 1089 3504 haec
1110 3453 1395 3504 commemorantum

435 3553 463 3610 1.
505 3548 663 3608 norrun
690 3561 839 3606 crrsuron
865 3547 928 3606 sire
951 3546 1228 3606 Tnuuucorrurrsrs.
1275 3547 1339 3606 Ara
1363 3547 1497 3625 Augusti
1521 3546 1581 3606 ianr
1605 3549 1687 3607 viro

348 3655 528 3730 imperatore
550 3649 722 3708 Tarracone
743 3647 907 3707 constituta
928 3646 1059 3723 (Eckhel
1081 3647 1107 3719 1,
1123 3647 1174 3708 58.
1195 3646 1305 3707 Floret
1325 3645 1501 3708 modeim
1522 3649 1609 3710 att.
1629 3651 1684 3710 45.

349 3751 476 3829 Quintil.
492 3750 521 3824 6,
537 3750 566 3825 3,
583 3749 637 3825 77)
659 3749 802 3828 templum
818 3749 884 3809 eius
899 3756 1085 3810 exstructum
1099 3757 1145 3811 est
1162 3768 1190 3809 a.
1205 3749 1242 3809 15
1257 3769 1287 3827 p.
1304 3747 1375 3810 Chr.
1398 3749 1486 3827 (sac.
1500 3770 1570 3810 ann.
1586 3752 1614 3824 1,
1630 3751 1684 3813 78.

349 3855 386 3914 ci.
408 3851 558 3931 Spartian.
575 3850 669 3911 Hudr.
688 3851 736 3910 12.
759 3849 861 3913 Seuer.
878 3851 920 3927 3).
956 3850 1031 3910 Inde
1053 3851 1092 3911 ab
1112 3851 1171 3910 hoc
1191 3860 1325 3930 tempore
1347 3851 1404 3912 suit
1416 3851 1590 3913 Tarracone
1610 3872 1684 3914 eoo·
1789 3849 1790 3892 1

349 3956 448 4015 cilium
466 3955 630 4030 provinciae
644 3954 809 4030 Hispaniae
830 3956 969 4013 &terioris
992 3952 1047 4029 (ΙΙ,
1061 3950 1153 4012 4127.
1174 3951 1268 4012 4230.
1290 3951 1382 4014 4246.
1404 3953 1487 4014 4255
1509 3954 1546 4014 ci.
1568 3953 1682 4030 4055),

346 4067 462 4117 curator
483 4056 579 4132 templi
600 4053 720 4133 (4202),
742 4055 871 4133 denique
892 4056 1080 4115 sacerdotium
1099 4054 1281 4133 provinciue,
1303 4055 1341 4116 de
1361 4073 1422 4132 quo
1436 4055 1596 4134 diiigenter
1614 4059 1681 4136 egit

347 4157 529 4222 Huebnerus
550 4156 681 4217 Hermae
703 4157 763 4218 voi.
781 4159 807 4232 l,
825 4159 967 4235 lllsqq,
990 4154 1166 4217 c.1.1..11
1186 4175 1216 4235 p.
1232 4155 1302 4217 540.
1318 4157 1389 4217 541.
1425 4157 1608 4235 Appellatur
1630 4157 1682 4216 hic

347 4260 488 4324 sacerdos
510 4261 602 4320 variis
623 4259 807 4320 nominibus:
833 4261 968 4319 suendae
989 4258 1097 4318 Romae
1118 4267 1144 4318 et
1164 4257 1242 4336 Aug.
1259 4277 1293 4335 p.
1316 4257 1356 4318 Η.
1378 4277 1403 4318 o.
1425 4256 1552 4335 (4248),
1569 4259 1678 4334 flumen

345 4364 454 4423 Rmooe
476 4361 590 4438 etAuq.
611 4380 642 4438 p.
657 4360 697 4420 H.
721 4379 746 4420 c.
769 4359 891 4436 (4225),
905 4363 1014 4437 flamm
1026 4359 1135 4419 Romae
1160 4371 1188 4419 et
1208 4359 1284 4437 Aug.
1307 4358 1430 4437 (4224),
1444 4362 1559 4436 flatura
1568 4359 1680 4419 Romae

347 4467 477 4524 divorum
498 4475 523 4523 et
538 4461 731 4539 Auqurtoram
749 4481 780 4539 p.
796 4461 837 4521 H.
860 4480 884 4521 o.
907 4461 1013 4538 (4205.
1029 4459 1120 4522 4228.
1136 4459 1228 4522 4235.
1243 4459 1336 4521 4243.
1351 4460 1445 4520 4247.
1459 4459 1552 4520 4249.
1568 4457 1678 4537 4250),

340 4567 448 4640 flumen
469 4565 576 4624 Romae
598 4571 624 4622 et
645 4565 774 4622 macrum
794 4562 988 4640 Augustorum
1003 4579 1038 4639 p.
1059 4563 1100 4621 H.
1123 4581 1146 4622 c.
1172 4562 1299 4639 (4191),
1318 4563 1427 4641 flamen
1448 4563 1577 4622 divorum
1596 4561 1678 4639 Aug.

343 4685 376 4740 p.
405 4665 445 4722 Η.
472 4683 496 4724 c.
526 4663 653 4740 (4239),
674 4666 782 4739 stamen
808 4663 981 4742 Augustalis
1005 4683 1038 4740 p.
1067 4665 1107 4723 H.
1138 4685 1162 4724 c.
1192 4663 1319 4742 (4223),
1342 4665 1451 4741 flamen
1480 4661 1677 4741 Augustorum

342 4768 473 4841 provinc.
495 4764 536 4823 H.
559 4784 582 4825 o.
606 4764 733 4843 (3329),
755 4768 863 4842 flumen
880 4783 913 4840 p.
936 4765 976 4823 H
999 4782 1022 4824 c.
1046 4764 1144 4841 (4220
1169 4774 1200 4826 et
1221 4765 1367 4844 saepius).
1410 4763 1499 4838 Quod
1526 4783 1675 4824 unacum

347 4863 466 4924 flamine
493 4867 661 4926 sacerdotio
688 4866 823 4944 fungitur
850 4885 928 4926 uxor
956 4867 1020 4926 cius
1041 4870 1192 4944 flaminica
1219 4866 1329 4943 (4198.
1351 4864 1444 4926 4238.
1466 4865 1559 4926 4236.
1580 4863 1676 4924 4241.

346 4964 440 5025 4242.
460 4965 552 5026 4246.
571 4965 669 5044 4252)
691 4986 728 5028 eo
749 4968 868 5028 demum
895 4977 1029 5046 tempore
1050 4977 1153 5047 potest
1173 4969 1340 5029 institutum
1360 4983 1441 5040 esse,
1463 4985 1525 5044 quo
1546 4965 1676 5026 feminae

324 5085 468 5153 ‘quoque
488 5075 680 5128 consecratae
702 5078 771 5128 sunt
791 5069 842 5147 (ci.
858 5069 897 5131 Ο.
912 5068 1088 5130 Hirschfeld
1103 5069 1214 5130 Annali
1232 5067 1310 5129 1866
1332 5087 1361 5146 p.
1377 5067 1441 5145 46),
1462 5069 1494 5128 id
1515 5067 1591 5147 quod
1609 5068 1677 5142 pri-

347 5186 428 5228 mum
454 5168 579 5248 contigit
603 5167 700 5228 Iuliae
726 5171 883 5248 Augustae
910 5169 1009 5247 (Suet.
1032 5168 1138 5231 Claud.
1158 5172 1209 5243 113
1232 5165 1347 5231 Seneca
1366 5171 1484 5248 apocol.
1508 5171 1537 5243 9,
1554 5169 1585 5238 53
1606 5165 1675 5226 Dio

347 5266 433 5332 (iuss.
457 5269 508 5344 60,
523 5269 572 5348 5),
599 5271 839 5349 postcommuio,
864 5290 940 5349 quus
962 5269 1117 5334 enum'erat
1138 5271 1254 5330 Eckhei
1277 5270 1306 5344 8,
1320 5270 1391 5331 463.
