3546 5950
379 591 427 664 78
952 607 1136 661 uouusnrr

378 783 580 852 voluminum,
610 798 689 856 quae
716 779 805 838 hodie
836 781 1022 839 conscribere
1051 780 1149 838 solent
1175 798 1293 839 omnem
1321 779 1451 856 lapidem
1479 787 1629 840 moventes
1646 781 1689 840 in·

377 879 488 960 perite,
517 880 614 940 libelli
635 881 743 940 breves
765 881 940 952 succedant3
968 880 1075 939 deinde
1096 890 1131 939 ut
1150 900 1205 957 per
1224 880 1336 958 gradus
1357 882 1548 958 perveniatur
1568 883 1605 942 ad
1622 882 1690 942 Lati·

378 1004 434 1044 nae
460 985 643 1043 litteraturae
666 982 746 1040 vices
774 982 935 1040 secundum
963 991 1077 1041 aetates
1103 991 1133 1041 et
1153 983 1291 1058 regiones
1313 992 1452 1042 accurate
1474 983 1649 1042 deliniendos
1666 991 1688 1042 et

377 1087 464 1162 quasi
494 1085 621 1143 dixerim
644 1083 805 1159 unicuique
826 1082 1070 1143 soloecismorum
1093 1093 1122 1142 et
1143 1084 1394 1142 barbarismorum
1417 1085 1518 1162 generi
1541 1102 1610 1144 suos
1628 1085 1687 1142 ines

304 1242 307 1249 .
377 1185 591 1262 adsignandos.
639 1183 781 1260 Exempli
815 1201 908 1241 causa
940 1203 995 1260 per
1021 1185 1122 1244 Rossii
1155 1184 1341 1260 praeclarum
1375 1202 1452 1260 opus
1483 1185 1687 1262 inscriptionum

377 1287 605 1346 christianarum
628 1286 808 1344 urbanarum
830 1284 942 1344 saeculi
963 1286 1064 1362 quarti
1085 1294 1115 1343 et
1136 1287 1231 1362 quinti
1252 1285 1312 1344 ianr
1334 1303 1531 1363 assequemur
1551 1287 1613 1344 eius
1631 1295 1688 1344 tem·

376 1389 459 1466 poris
490 1388 638 1446 sermonis
665 1387 772 1445 urbani
799 1386 910 1463 plebeii
936 1386 1010 1444 satis
1038 1386 1159 1445 uberem
1184 1387 1336 1458 notitiam3
1366 1387 1564 1464 similiterque
1589 1385 1688 1446 escwi

376 1497 518 1565 poterunt
542 1489 632 1546 etiam
653 1487 789 1546 Africani
814 1486 906 1559 tituli,
933 1495 1092 1563 postquam
1118 1504 1170 1547 eos
1197 1487 1234 1545 ab
1256 1487 1397 1547 Renierio
1422 1489 1592 1568 recognitos
1615 1488 1687 1544 habe

376 1607 454 1650 mus.
503 1589 648 1647 Fortasse
675 1589 743 1665 ipsa
770 1589 844 1648 baec
871 1588 1038 1665 ephemeris
1065 1588 1212 1647 eiusmodi
1238 1589 1492 1648 commentariolis
1521 1587 1687 1666 publicandis

378 1691 541 1768 aliquando
563 1690 714 1748 inserviet.

462 1789 523 1852 Sed
543 1792 603 1850 iam
624 1810 643 1848 a
664 1792 755 1868 longo
777 1791 902 1850 exordio
918 1793 1073 1850 veniamus
1096 1790 1134 1848 ad
1156 1791 1400 1868 quaestiunculas
1421 1791 1626 1870 grammaticas
1640 1805 1686 1860 sss,

378 1893 415 1953 de
442 1893 550 1970 quibua
575 1893 607 1951 in
633 1894 734 1951 animo
755 1902 802 1951 est
823 1893 931 1952 dicere.
975 1896 1052 1952 Acta
1072 1893 1199 1951 fratrum
1220 1893 1379 1950 Arvalium
1400 1893 1470 1952 dum
1494 1910 1643 1968 percurro,
1664 1887 1687 1947 id

377 2013 486 2072 corpus
500 1995 599 2052 visum
621 2003 668 2052 est
689 2001 723 2050 ut
743 1995 782 2051 ad
805 1993 865 2052 alia
885 1996 929 2052 ita
950 1995 1038 2052 etiam
1062 1996 1100 2052 ad
1121 2011 1170 2052 res
1192 1994 1402 2071 grammaticas
1418 1994 1607 2054 utilissimum
1622 2007 1686 2058 essa

378 2096 514 2155 similiter
534 2096 613 2154 enim
635 2102 668 2152 ut
689 2102 759 2175 ante
780 2095 897 2170 aliquot
918 2113 1012 2153 annos
1035 2095 1071 2152 de
1094 2094 1268 2171 diplomatis
1284 2103 1491 2154 veteranorum
1509 2095 1595 2153 docui
1615 2091 1686 2167 (Her

377 2215 443 2256 mae
464 2195 554 2255 vol.I
581 2216 610 2273 p.
631 2193 692 2254 460
704 2195 797 2271 seq),
824 2196 867 2254 ita
892 2196 949 2254 boc
976 2214 1095 2272 quoque
1121 2212 1230 2270 corpus
1256 2195 1346 2253 habet
1372 2205 1439 2253 acta
1464 2213 1609 2254 annorum
1631 2193 1684 2271 plur

377 2299 570 2357 ducentorum
597 2297 634 2355 ab
656 2296 798 2354 extremis
818 2295 949 2372 Augusti
976 2296 1159 2372 temporibus
1181 2296 1219 2354 ad
1242 2293 1431 2354 Gordianum
1452 2296 1570 2354 Romae
1589 2293 1686 2371 publica

376 2401 547 2475 conscripta
567 2404 596 2454 et
617 2397 660 2455 ita
680 2405 861 2473 comparata,
884 2404 918 2454 ut
939 2397 1100 2472 quotannis
1123 2395 1149 2454 si
1171 2414 1231 2454 non
1251 2397 1368 2469 iisdem,
1390 2405 1470 2454 certe
1485 2397 1629 2456 similibus
1640 2394 1686 2452 lor·

376 2501 466 2560 mulis
487 2498 686 2573 sollemnique
708 2497 869 2556 earundem
891 2516 990 2556 rerum
1011 2498 1188 2572 repetitione
1208 2499 1473 2574 perscriberentur.
1520 2496 1685 2572 Quamquam

376 2599 566 2678 diplomatis,
591 2599 624 2657 id
644 2609 690 2658 est
710 2599 828 2676 legibus
849 2597 1038 2673 imperatoria
1064 2598 1150 2656 iussu
1177 2598 1215 2656 ab
1241 2597 1279 2656 iis
1300 2598 1408 2673 quibus
1428 2599 1459 2657 id
1481 2600 1628 2676 negotium
1645 2615 1686 2674 pn·

377 2702 454 2760 blica
475 2700 579 2758 datum
600 2706 680 2758 esset
700 2700 852 2776 conceptis
875 2708 906 2757 ct
931 2699 1005 2758 satis
1028 2699 1184 2775 diligenter
1205 2698 1310 2757 deinde
1332 2718 1371 2757 ex
1392 2719 1461 2758 aere
1482 2701 1583 2776 palam
1597 2715 1684 2776 propo

378 2803 437 2862 sito
457 2800 615 2876 descriptis
637 2807 667 2858 et
687 2801 858 2878 recognitis,
881 2810 949 2860 acta
970 2802 1043 2858 haec
1064 2801 1153 2876 longe
1174 2799 1318 2858 inferiora
1339 2807 1419 2872 sunt,
1440 2801 1472 2860 in
1489 2801 1590 2879 lapide
1608 2800 1685 2858 incisa

378 2923 397 2962 a
422 2920 509 2961 servo
536 2901 657 2977 publico
683 2902 810 2978 collegio
832 2900 870 2959 ad
892 2901 922 2959 id
943 2901 1041 2977 ipsum
1064 2902 1208 2959 attributo
1231 2919 1328 2978 neque
1349 2903 1457 2979 opinor
1477 2913 1599 2981 propter
1617 2917 1684 2959 asan

377 3002 523 3062 tractandi
557 3021 592 3060 ea
624 3014 655 3062 et
686 3003 891 3075 describendi,
923 3003 978 3062 sed
1006 3012 1041 3061 ut
1071 3003 1341 3079 quomodocunque
1373 3005 1543 3080 perscripta
1572 3006 1686 3061 extarent

377 3112 501 3182 propter
528 3104 702 3182 religionem
730 3105 833 3162 nescio
858 3122 957 3180 quam.
1008 3101 1089 3162 Sane
1114 3104 1163 3162 vel
1189 3104 1256 3163 sola
1281 3104 1449 3163 litteratura
1476 3105 1626 3180 utriusque
1648 3116 1685 3178 ge·

376 3206 456 3264 neris
484 3205 726 3265 documentorum
753 3223 820 3263 eam
846 3203 1043 3264 differentiam
1069 3206 1148 3265 clare
1174 3207 1328 3282 proponit3
1355 3223 1424 3264 nam
1449 3223 1519 3264 cum
1545 3205 1686 3280 diplomata

376 3305 537 3366 ostendant
561 3306 737 3382 quadratam
765 3314 795 3364 et
819 3306 929 3365 iustam
956 3314 986 3365 et
1011 3307 1143 3365 maxime
1168 3307 1266 3384 primo
1293 3306 1411 3366 saeculo
1436 3307 1526 3383 longe
1547 3303 1686 3384 pulcherri-

377 3425 466 3480 mam,
489 3417 555 3466 acta
569 3406 736 3479 Arvalium,
758 3425 886 3482 quorum
908 3407 1075 3485 scripturae
1097 3393 1246 3485 specimen
1268 3417 1404 3466 accurate
1426 3407 1570 3467 selectum
1588 3405 1686 3466 tabulae

377 3507 592 3568 Henaenianae
620 3507 757 3567 relationi
788 3509 921 3568 adiectae
947 3516 1132 3586 proponunt,
1158 3509 1226 3586 ipso
1252 3510 1348 3586 primo
1371 3509 1491 3568 saeculo
1514 3509 1553 3568 ad
1574 3507 1686 3581 antiqua·

377 3611 490 3668 riorum
512 3609 691 3683 scripturam
712 3610 903 3685 aliquatenus
924 3611 1078 3670 declinant
1098 3629 1152 3668 nec
1173 3611 1298 3668 multum
1314 3611 1457 3669 recedunt
1469 3630 1489 3668 a
1503 3610 1597 3670 titulis
1610 3607 1686 3680 scrip

377 3710 418 3768 tis
443 3709 474 3767 in
500 3709 664 3785 parietibus
687 3710 880 3788 Pompeianis
907 3712 1036 3771 carbone
1058 3711 1106 3769 vel
1132 3712 1265 3782 rubrica,
1292 3729 1419 3786 quorum
1445 3711 1592 3772 elementa
1610 3724 1686 3784 nuper

378 3810 423 3868 vir
447 3809 480 3867 in
504 3810 563 3869 hoc
588 3810 707 3886 quidem
734 3812 900 3872 studiorum
923 3831 1031 3890 genere
1055 3811 1145 3872 hodie
1166 3813 1253 3871 facile
1274 3812 1415 3891 princeps
1438 3810 1567 3872 Carolus
1591 3811 1686 3884 Zange-

377 3909 500 3970 meister
524 3911 556 3970 in
583 3911 744 3971 voluminis
769 3915 867 3989 quarti
888 3914 992 3973 tabula
1010 3915 1110 3990 prima
1130 3923 1268 3972 accurate
1288 3915 1537 3991 repraesentavit.
1578 3911 1686 3984 Compa-

377 4022 460 4070 retur
480 4012 559 4072 inter
580 4012 641 4070 alia
662 4013 801 4073 elementi
822 4035 843 4072 a
862 4015 959 4092 figura
979 4017 1009 4074 in
1031 4016 1179 4091 scriptura
1203 4016 1348 4092 quadrata
1369 4017 1449 4075 iusta
1469 4033 1587 4092 semper
1601 4011 1685 4070 exiens

377 4114 409 4172 in
434 4114 577 4191 angulum
604 4122 736 4187 acutum,
765 4116 796 4173 in
823 4118 898 4176 actis
920 4125 1018 4175 antem
1040 4117 1137 4175 titulis
1158 4117 1328 4193 parietariis
1349 4136 1404 4193 per
1423 4117 1534 4194 gradus
1556 4114 1686 4176 declinant

377 4215 417 4274 ad
445 4215 571 4292 figuram
600 4217 816 4276 subrutundam
842 4234 863 4277 υ
884 4217 975 4276 talem
997 4216 1074 4290 fere,
1100 4218 1198 4294 qualis
1223 4219 1355 4294 pingitur
1379 4217 1411 4276 in
1431 4236 1547 4294 papyro
1567 4209 1685 4274 earminit

376 4315 533 4377 Rabiriani
564 4316 799 4389 Herculanensi;
835 4319 912 4378 unde
943 4318 1051 4378 deinde
1083 4319 1244 4395 antiquarii
1276 4321 1383 4378 aetatis
1415 4319 1560 4390 labentis,
1590 4327 1620 4374 ut
1646 4307 1685 4386 qvi

377 4417 563 4494 scripserunt
585 4416 714 4494 Digesta
726 4418 911 4493 Florentius,
933 4421 1068 4478 fecerunt
1088 4421 1214 4498 flgaram
1238 4439 1268 4480 u.
1313 4418 1459 4481 Similiter
1479 4440 1498 4478 a
1519 4419 1684 4479 litteratum

376 4518 409 4584 in
437 4517 609 4594 diplomat-is
635 4519 769 4578 melioris
796 4521 904 4580 aetatis
929 4521 972 4580 sic
999 4521 1063 4580 lare
1090 4523 1238 4599 pingatur,
1256 4537 1292 4594 rt,
1320 4522 1352 4580 in
1378 4519 1474 4580 titulis
1501 4520 1588 4596 pictis
1611 4516 1685 4575 Pon·

378 4617 495 4694 peianis
522 4630 552 4677 et
575 4620 607 4678 in
634 4621 708 4678 actis
729 4621 889 4681 Arvalium
915 4631 945 4680 et
969 4622 1002 4680 in
1027 4641 1144 4700 papyro
1169 4622 1224 4680 illo
1249 4621 1292 4681 sic
1312 4623 1374 4681 lere
1396 4622 1527 4680 cernitur
1547 4619 1585 4678 N.
1599 4647 1632 4659 -ι
1651 4608 1685 4670 Ul

376 4717 553 4793 litteratura,
574 4721 618 4780 ita
636 4723 832 4798 'grammatica
852 4724 884 4782 in
904 4723 1037 4799 utrisque
1057 4715 1164 4782 differt
1201 4722 1281 4782 Nam
1296 4723 1470 4800 diplomata,
1491 4740 1566 4798 quac
1585 4715 1684 4794 quidem

376 4827 446 4879 ante
472 4817 614 4880 Severum
641 4823 753 4900 scripta
780 4825 856 4896 sint,
883 4843 902 4882 a
926 4824 1119 4884 barbarismis
1141 4825 1287 4883 immunia
1308 4835 1391 4897 sunt,
1417 4833 1450 4882 nt
1476 4823 1561 4883 tertio
1586 4819 1684 4877 demum

376 4920 498 4980 saeculo
513 4922 588 4980 vitia
607 4923 641 4981 in
661 4923 699 4982 iis
721 4942 894 5001 comparere
914 4925 1070 5003 incipiant3
1093 4925 1136 4983 ita
1157 4942 1213 5002 poa
1235 4926 1315 5001 quod
1336 4935 1382 4985 eet
1403 4943 1459 5001 pro
1478 4933 1545 5000 post
1564 4923 1685 4996 sequente

376 5021 475 5080 denno
496 5021 597 5081 littera
617 5032 637 5096 t,
664 5041 751 5100 quem
773 5026 982 5085 soloecismum
1003 5026 1093 5085 hodic
1114 5027 1201 5086 multi
1221 5027 1364 5104 religiose
1386 5025 1481 5102 magis
1503 5024 1684 5094 eolmtquao

376 5122 507 5195 erudite,
530 5122 695 5200 diplomata
715 5125 754 5184 ad
774 5127 910 5187 Marcum
931 5146 1024 5203 usque
1044 5128 1201 5204 ignorant,
1229 5137 1261 5186 at
1281 5130 1319 5188 ab
1340 5148 1367 5187 a.
1389 5127 1459 5186 inde
1481 5124 1539 5184 216
1559 5127 1683 5200 perptltw

376 5224 512 5284 scribunt
531 5226 737 5303 peramplum,
764 5236 798 5286 nt
824 5229 881 5287 hoc
906 5228 1055 5288 scribendi
1076 5229 1182 5288 vitium
1202 5237 1349 5307 appareat
1373 5237 1562 5294 monumenta
1585 5216 1684 5301 publica
