3546 5950
374 598 448 670 134
944 610 1127 664 mommsen

372 788 530 865 (aequales
557 786 636 845 enim
660 786 723 845 iere
745 785 865 842 luerunt
887 781 1018 844 Sabinus
1040 792 1071 842 et
1092 781 1282 862 Honoratus)
1305 781 1371 840 viae
1392 781 1521 842 Latinae
1540 783 1610 842 duae
1626 783 1673 842 lue

371 897 442 948 runt
469 896 554 948 vetus
583 895 613 946 et
643 905 735 958 nova3
768 894 898 945 ceterum
931 885 1003 944 mihi
1035 884 1073 943 de
1104 890 1210 943 neutra
1241 892 1361 944 constat
1387 883 1565 960 videantque
1590 886 1623 943 de
1645 885 1673 942 iis

372 991 451 1050 docti
473 991 580 1048 Italiae
601 989 780 1066 periegetae.
795 1021 836 1030 -
865 985 1028 1056 Curatores
1054 986 1123 1045 viae
1143 985 1272 1044 Latinae
1299 1002 1334 1043 eo
1356 993 1491 1062 tempore
1513 995 1594 1044 notos
1613 1004 1673 1042 oon·

370 1092 474 1168 posuit
500 1091 687 1166 Borghesius
719 1107 789 1166 opp.
818 1090 853 1160 4,
884 1089 951 1147 133.
1000 1086 1234 1147 Observandum
1267 1094 1314 1145 est
1345 1105 1447 1145 euram
1480 1087 1546 1145 viae
1571 1086 1674 1145 latinae

371 1200 401 1252 et
426 1191 644 1270 praefecturam
670 1191 879 1248 alimentorum
907 1189 971 1247 sive
996 1188 1131 1247 eiusdem
1156 1187 1290 1265 regionis
1316 1187 1381 1247 sive
1402 1186 1540 1246 diversae
1560 1188 1673 1264 (proriu-

371 1294 419 1352 cia
446 1293 525 1352 enim
550 1310 611 1352 non
636 1291 817 1362 enuntiator,
843 1299 876 1348 nt
901 1308 991 1366 saepe
1015 1290 1050 1348 fit
1074 1289 1106 1348 iu
1130 1289 1188 1348 hoc
1209 1288 1323 1366 officio)
1349 1288 1382 1347 in
1404 1289 1463 1348 hoe
1483 1289 1568 1348 titulo
1586 1291 1624 1348 ita
1640 1307 1674 1348 se

370 1395 486 1470 parari,
514 1402 547 1452 ut
568 1388 710 1453 Sabinum
732 1390 862 1466 primum
883 1390 965 1449 illam
988 1391 1122 1468 gessisse
1143 1398 1303 1467 appareat,
1330 1388 1437 1448 deinde
1459 1398 1530 1466 post
1548 1391 1675 1466 complura

370 1495 432 1552 alia
459 1513 583 1553 munera
607 1491 804 1569 provincialia
830 1492 907 1550 hanc
932 1492 1094 1568 accepisse.
1137 1489 1227 1550 Unde
1252 1490 1454 1568 colligendum
1483 1501 1530 1550 est
1548 1511 1582 1550 ea
1599 1491 1676 1550 officia

371 1613 428 1654 sua
453 1605 560 1654 natura
586 1594 719 1652 seiuncta
744 1600 773 1651 et
800 1593 894 1652 luisse
922 1603 952 1651 et
979 1611 1097 1670 semper
1122 1592 1285 1662 mansisse,
1314 1601 1344 1650 et
1370 1611 1437 1652 cum
1467 1611 1556 1670 saepe
1579 1593 1674 1650 coniur-

371 1695 537 1773 gantur¹)‚
563 1704 664 1755 tamen
689 1694 741 1771 qui
766 1695 873 1753 dicitnr
889 1695 1054 1770 praefectus
1076 1693 1273 1752 alimentorum
1289 1711 1345 1768 per
1367 1693 1537 1766 Aemilium,
1563 1713 1622 1752 eum
1638 1712 1674 1751 ne

372 1812 524 1871 quaquam
550 1796 620 1855 inde
648 1796 733 1872 sequi
755 1796 822 1853 viae
848 1814 968 1872 quoque
995 1796 1061 1854 eius
1088 1813 1190 1854 curam
1216 1793 1307 1852 simul
1334 1793 1436 1871 egisse
1462 1801 1494 1853 et
1519 1795 1579 1854 vica
1599 1812 1674 1853 versa.

371 1897 564 1955 Reiciendum
586 1896 686 1974 igitur,
711 1897 791 1972 quod
813 1905 881 1954 ante
902 1896 959 1954 hos
981 1895 1092 1954 multos
1114 1912 1209 1956 annos
1231 1890 1431 1971 Henaenus²)
1454 1897 1568 1972 posuit,
1588 1905 1674 1954 uuum-

371 2015 429 2074 que
451 2016 559 2056 munus
580 2017 636 2075 pro
657 2016 717 2056 uuo
740 1997 905 2074 eodemque
925 1997 1095 2055 habendum
1117 2012 1194 2056 esse.

528 2099 562 2170 9.
615 2095 795 2171 Iuridicus
821 2121 888 2196 per
914 2095 1108 2169 Aemiliam
1135 2107 1173 2170 et
1197 2093 1397 2195 Liguriam.

453 2217 531 2278 Vide
552 2236 629 2295 quae
651 2218 806 2294 composui
830 2220 860 2277 in
883 2219 1118 2295 gromatioorum
1140 2217 1270 2278 editione
1285 2216 1535 2278 Lachmanniana
1555 2218 1582 2291 1,
1598 2217 1652 2276 193.

527 2323 586 2392 10.
639 2317 801 2418 Legatos
824 2317 995 2416 legionis
1021 2317 1402 2416 duo]etvioensim[ae]
1420 2317 1673 2418 pr[im]igeniee.

454 2439 539 2500 Haeo
558 2458 619 2498 non
640 2440 713 2516 legit
726 2439 884 2498 Ponarius.
920 2439 957 2498 In
979 2449 1087 2517 ectypo
1110 2440 1290 2500 satiscerto
1312 2447 1461 2517 apparent
1474 2440 1609 2518 reliquiae
1620 2439 1673 2495 lae:

372 2525 506 2634 ascarii
524 2557 560 2599 ετ
575 2556 731 2601 vrcsusvn.
747 2543 825 2613 .11...;
846 2540 904 2599 luit
924 2541 956 2600 in
976 2540 1078 2617 lapide
1100 2555 1300 2601 arestarco
1316 2537 1320 2620 l
1338 2557 1373 2598 er
1386 2555 1533 2601 vicensun
1547 2555 1644 2600 rauna.

529 2645 586 2713 11.
640 2639 879 2740 Praepositae
896 2638 1115 2739 vexi[lla]ris
1134 2637 1375 2715 Germanicae
1393 2640 1637 2740 expeditionis.

456 2759 534 2822 Cum
561 2772 591 2821 et
615 2761 651 2821 de
678 2781 756 2822 anno
779 2762 952 2822 consulatus
975 2761 1080 2822 Sabini
1101 2769 1219 2821 constet
1239 2769 1270 2820 et
1291 2762 1390 2838 ipsum
1412 2763 1516 2839 paullo
1536 2769 1600 2840 post
1617 2761 1674 2818 hauc

270 2940 273 2946 ,
373 2863 595 2937 expeditionem
616 2863 654 2922 ad
676 2883 744 2923 eum
764 2863 936 2939 pervenisse
957 2872 1071 2921 eertum
1093 2863 1142 2934 sit,
1164 2869 1244 2921 reete
1267 2863 1388 2922 omnino
1403 2863 1595 2923 Minerrinius
1610 2859 1673 2918 intel·

372 2963 447 3022 lexit
473 2965 692 3043 expeditionem
708 2953 932 3024 ¹Germanicam
960 2961 1135 3023 Caracallae
1162 2985 1189 3023 a.
1207 2962 1266 3022 213
1295 2983 1390 3041 nuper
1416 2965 1594 3025 illustratam
1618 2961 1673 3020 actis

372 3065 532 3123 Arvalium
554 3066 690 3142 proxime
711 3066 838 3141 repertis
861 3065 1001 3140 (Henaen
1021 3066 1109 3126 retur.
1130 3084 1161 3143 p.
1177 3064 1240 3141 75).
1283 3065 1357 3124 lnde
1383 3065 1543 3127 didicimus
1566 3083 1597 3124 eo
1615 3079 1674 3121 auno

373 3166 422 3224 die
442 3165 521 3243 Aug.
540 3170 576 3225 11
600 3167 708 3225 fratres
731 3174 802 3225 vota
822 3166 944 3239 fecisse,
970 3169 1048 3244 quod
1069 3169 1200 3226 domiuus
1312 3185 1368 3244 per
1389 3167 1505 3228 limitem
1525 3169 1630 3228 Raetia
1645 3163 1675 3220 td

373 3266 465 3326 iostea
492 3270 675 3344 extirpandos
702 3267 889 3327 barbarorum
914 3267 1054 3344 [firrer]i)
1081 3270 1250 3327 introiturus
1272 3277 1325 3341 eat,
1351 3267 1421 3326 item
1449 3269 1499 3330 die
1520 3269 1613 3330 Orat
1633 3265 1673 3323 iu·

373 3367 537 3426 molavisse
564 3369 598 3426 ob
624 3369 743 3428 salutem
772 3369 976 3445 victoriamque
1008 3368 1208 3428 Germanicam
1235 3368 1448 3446 imperatoris.¹
1488 3371 1537 3431 Ab
1565 3390 1597 3430 eo
1622 3365 1673 3425 inde

372 3487 450 3526 anno
479 3469 599 3528 demum
618 3470 791 3545 imperatori
815 3468 987 3530 Germanioi
1008 3488 1116 3528 nomen
1138 3469 1336 3546 tribuitnr⁴)‚
1364 3489 1461 3548 neque
1484 3473 1630 3549 scriptores
1647 3466 1674 3523 dc

372 3588 409 3628 ea
438 3570 627 3646 expeditione
655 3571 745 3648 plane
773 3579 871 3631 tacent
881 3571 921 3647 ⁵).
970 3571 1050 3630 Huic
1080 3574 1265 3648 expeditioni
1293 3573 1428 3634 interluit
1456 3573 1583 3637 Sabinus
1608 3587 1673 3648 prae·

373 3671 488 3746 positus
517 3670 684 3730 vexillariis
710 3673 811 3731 nescio
838 3672 948 3748 quibus
975 3673 1014 3731 ad
1040 3691 1107 3732 eam
1136 3676 1237 3736 missis
1265 3685 1296 3736 et
1321 3693 1421 3736 eomes
1443 3677 1540 3755 ipsius
1561 3668 1672 3750 Augusti.

379 3835 582 3848 -ᾐ-ῃ

452 3948 475 4012 ¹)
504 3951 581 4002 quta
599 3959 729 4016 ponuntur
747 3953 859 4005 honores
878 3955 984 4006 meliore
998 3962 1084 4008 aetate
1096 3957 1181 4007 forma
1193 3972 1245 4008 non
1257 3965 1364 4020 mauu,
1383 3964 1412 4008 ut
1423 3960 1454 4010 L.
1468 3959 1585 4010 Minicius
1595 3951 1673 4006 Natalis

375 4055 428 4091 cos.
448 4057 469 4092 o.
482 4056 507 4092 a.
523 4045 574 4093 117
594 4045 687 4094 dicitur
705 4052 786 4096 curat.
805 4046 863 4096 vioe
875 4043 996 4109 Flamin„
1014 4047 1098 4114 praef.
1118 4047 1258 4099 elimentur.
1278 4047 1395 4111 (Henzen
1413 4065 1439 4100 n.
1454 4051 1539 4112 64983
1556 4045 1635 4099 anilis
1646 4046 1673 4090 est

376 4147 402 4182 ιι.
417 4132 512 4195 etot),
537 4137 655 4201 aequiore
674 4143 719 4188 aut
737 4137 926 4202 coniunguntur
943 4138 1040 4188 inserta
1059 4140 1165 4204 copula,
1190 4148 1218 4191 ut
1237 4140 1268 4192 G.
1285 4141 1404 4192 Luxiliua
1423 4129 1589 4194 Sabinua'vir
1604 4131 1673 4186 aeufit

375 4209 525 4276 Gordianus
544 4227 637 4277 dicitur
655 4241 708 4278 eur.
728 4229 795 4278 utar.
814 4235 838 4278 et
851 4227 938 4296 praes.
958 4227 1067 4279 ulimeat.
1090 4226 1195 4281 Clodiae
1213 4237 1237 4282 et
1255 4229 1377 4282 colerent.
1398 4230 1489 4294 (Orell.
1503 4229 1580 4291 3143)
1597 4230 1632 4276 aul
1647 4222 1673 4270 51¹

375 4315 574 4380 contunduntur,
593 4325 623 4368 nt
641 4334 703 4370 eura
721 4321 777 4371 viae
796 4321 874 4371 etiam
891 4321 926 4372 ad
939 4321 1061 4371 alimenta
1072 4321 1225 4387 porrigatur,
1246 4337 1296 4388 quo
1309 4325 1438 4388 pertinent
1450 4321 1594 4375 curatrice
1605 4313 1672 4367 Scisti·

376 4413 401 4456 et
419 4406 591 4460 alimentorum
610 4409 727 4472 (Henaen
746 4411 828 4473 7410)
847 4413 994 4479 similesque
1012 4411 1129 4474 (Henzen
1148 4427 1208 4464 ann.
1227 4413 1287 4464 inst
1309 4415 1379 4466 1844
1397 4430 1423 4480 p.
1438 4413 1494 4476 41).

452 4496 477 4561 ²)
505 4500 576 4551 Anu.
595 4501 655 4553 lust
677 4504 748 4554 1344
767 4519 793 4568 p.
807 4504 852 4554 tt.
873 4505 943 4554 1840
963 4518 989 4568 p.
1004 4504 1119 4570 228aeq.

452 4586 477 4650 ³)
505 4588 584 4642 Fines
601 4593 755 4644 vocabulum
774 4595 890 4645 simileve
908 4597 1019 4661 scriptor
1037 4594 1133 4646 omisit.

452 4676 478 4740 ⁴)
508 4681 607 4733 Eekhel
631 4687 656 4746 7,
682 4687 744 4737 103.
791 4683 869 4748 Quod
896 4687 1015 4751 opposuit
1040 4687 1178 4738 Henacuus
1207 4686 1284 4737 relat.
1312 4703 1338 4752 p.
1362 4688 1395 4738 78
1423 4687 1456 4737 ab
1484 4683 1612 4737 Arvalibut
1634 4677 1672 4726 itm

377 4769 601 4826 ι113Μο110
625 4775 774 4840 imperatori
797 4778 935 4829 autumari
956 4776 1101 4830 umentes
1120 4777 1237 4840 mairie,
1263 4776 1312 4840 do)
1338 4776 1381 4840 t(e)
1405 4775 1537 4840 umenti!
1558 4771 1614 4826 mill
1633 4779 1673 4818 ert·

377 4859 447 4910 ditur
469 4861 562 4914 ominis
584 4864 643 4916 loco
667 4867 764 4920 iactum
790 4883 846 4920 erse
871 4876 978 4935 propter
1003 4869 1098 4921 bellum
1123 4884 1185 4921 mox
1211 4867 1365 4935 patrandum
1388 4875 1414 4920 et
1436 4870 1542 4920 tortasse
1566 4866 1612 4916 iarn
1632 4865 1673 4907 1111

377 4955 504 5016 coeptum.

455 5039 479 5104 ⁵)
508 5044 598 5095 Victor
616 5045 691 5098 eaeo.
717 5051 764 5112 21,
786 5052 816 5102 2:
841 5051 997 5102 Alamanuoa
1019 5058 1114 5118 pertua
1134 5051 1283 5118 populosam
1305 5065 1336 5101 cc
1353 5063 1416 5118 equo
1434 5043 1673 5118 ffifimlmfflm

375 5145 455 5200 propa
473 5128 589 5186 Moerum
610 5151 706 5188 curem
729 5138 829 5192 devicit.
867 5144 929 5194 Vita
947 5159 969 5194 c.
984 5143 1014 5195 5:
1038 5144 1109 5195 cirea
1126 5141 1242 5194 Battara
1261 5157 1310 5192 aon
1323 5157 1423 5209 parmor
1441 5139 1561 5194 tutae
1576 5123 1672 5186 sowi

377 5223 515 5292 militesque
533 5241 591 5279 suos
610 5230 685 5296 quusi
702 5227 791 5284 Sullae
810 5233 900 5286 milites
918 5241 942 5285 et
959 5233 1104 5287 redonatus
1121 5242 1159 5286 eat
1176 5240 1201 5286 et
1219 5231 1331 5286 donauit.
1367 5235 1479 5298 Dio'i'l,
1495 5233 1536 5285 13.
