3578 5962
373 554 446 627 298
678 569 858 623 normann
876 567 1173 622 onsnnvnmonns
1190 567 1311 622 nerea.
1332 570 1396 621 xv.

371 769 418 826 ep.
442 747 470 820 9,
494 745 548 819 373
577 745 648 820 Dig.
673 744 721 817 19,
744 743 773 816 2,
796 742 845 818 25,
868 742 911 820 6).
955 742 1085 802 Easdem
1111 741 1162 801 lex
1187 738 1331 803 Solonica
1358 741 1505 816 admittit,
1532 751 1568 802 ιιι
1594 743 1706 804 Pollux

374 851 417 908 ait
439 850 469 920 7,
494 849 567 908 151:
595 839 738 930 irripeprcc
764 847 806 922 qni
831 839 910 928 recepti
934 835 1042 902 Σόλωνι
1069 832 1153 915 alini
1174 832 1246 926 μέριι
1267 838 1477 927 γεωργουμένη,
1498 835 1548 901 καὶ
1568 840 1657 929 respa-q*
1677 841 1705 904 ri

373 940 453 1031 μέρος
477 942 508 1006 ri
539 943 597 1006 cirri
625 949 680 1005 suiv
702 948 856 1030 γεωργῶν·
884 941 915 1004 sd
939 940 965 1002 δ’
987 939 1032 1004 inl
1052 945 1095 1022 τῷ
1116 935 1240 1029 τετάρτῳ
1262 935 1334 1029 piper
1356 935 1496 1028 νέμει-θαι
1517 939 1706 1030 τετραχῖζειν.

374 1050 534 1112 Eiusmodi
555 1056 739 1109 contractum
760 1066 808 1108 res
823 1047 944 1125 publiea
958 1047 1176 1107 Thisbaeorum
1198 1064 1265 1104 cum
1279 1046 1401 1107 bomine
1415 1047 1524 1106 Italico
1545 1047 1591 1107 ita
1610 1048 1706 1108 iacere

375 1154 483 1231 potuit,
505 1159 538 1211 ut
552 1153 662 1212 fundos
686 1169 757 1211 suos
779 1151 806 1210 ei
822 1149 953 1210 arandus
972 1148 1104 1210 traderet
1124 1165 1161 1206 ea
1175 1148 1359 1220 condicione,
1382 1157 1416 1209 nt
1429 1148 1570 1208 frumeuti
1590 1150 1706 1228 oleique

376 1263 459 1314 certa
479 1271 551 1330 pars
574 1253 613 1311 ad
635 1271 668 1312 se
688 1253 861 1332 pertineret.
904 1249 1032 1310 Videtur
1056 1249 1148 1326 igitur
1170 1246 1295 1310 Gnaeus
1319 1249 1415 1311 luisse
1436 1269 1476 1311 ex
1497 1269 1626 1310 numero
1646 1271 1707 1310 ara·

380 1365 480 1416 torum
497 1355 670 1415 Italicorum
690 1355 722 1413 in
743 1353 906 1431 provinciis
928 1353 1125 1423 versantinme
1146 1353 1197 1428 qui
1218 1369 1409 1436 quamquam¹
1421 1352 1520 1413 solum
1540 1353 1627 1431 quod
1647 1372 1707 1412 ara·

379 1459 452 1518 bant
472 1473 563 1534 saepe
585 1475 673 1516 suum
695 1456 836 1528 fecerant,
862 1455 938 1514 nihil
958 1453 1091 1532 impedit,
1118 1453 1278 1530 quominus
1301 1455 1389 1513 etiam
1411 1454 1627 1515 conductiones
1649 1456 1707 1516 eius

377 1559 496 1638 generis
518 1559 566 1630 rel
588 1559 615 1618 si
636 1557 732 1635 magis
754 1558 853 1635 placet
874 1556 1033 1616 societates
1054 1554 1175 1614 inierint
1196 1562 1227 1614 et
1247 1555 1293 1614 sic
1313 1555 1344 1612 in
1367 1555 1466 1614 alieno
1488 1557 1613 1616 ararint.
1648 1557 1707 1616 lam

373 1670 444 1736 post
458 1659 640 1720 deditionem
661 1678 728 1718 cum
750 1677 790 1718 ex
804 1665 957 1717 contractu
970 1657 1025 1717 illo
1046 1643 1154 1734 agendi
1168 1656 1216 1716 ius
1234 1674 1352 1716 summo
1367 1656 1432 1716 iure
1453 1656 1493 1715 ad
1505 1657 1706 1718 Romanorum

376 1779 439 1818 rem
466 1760 615 1838 publicam
637 1761 733 1837 magis
760 1766 909 1837 spectaret
939 1777 1030 1836 qnam
1055 1759 1098 1817 ad
1119 1758 1341 1818 Thisbaeorem
1367 1758 1439 1818 licet
1463 1759 1651 1831 restitutam,
1675 1778 1707 1818 eo

378 1862 502 1924 Gnaeus
536 1882 574 1922 ne
606 1881 640 1922 se
667 1862 852 1934 defenderet,
889 1860 1050 1920 Thisbeeis
1081 1861 1131 1920 ius
1159 1859 1197 1918 de
1230 1877 1266 1918 eo
1291 1859 1412 1938 negotio
1439 1858 1547 1919 iudicis
1574 1860 1707 1920 sumendi

377 1973 500 2024 senatus
517 1965 575 2024 boc
596 1966 714 2024 decreto
730 1963 928 2024 confirmarit.
962 1961 1042 2024 Sane
1055 1962 1130 2022 haec
1152 1978 1212 2020 non
1234 1968 1294 2021 tem
1317 1961 1384 2020 dico
1405 1961 1449 2021 ita
1468 1961 1611 2046 evenisse
1625 1981 1706 2038 quam

376 2067 513 2144 potuisse
532 2067 578 2129 ,ita
599 2066 732 2138 evenire3
755 2085 824 2126 nam
845 2066 915 2142 plus
931 2065 968 2124 in
990 2065 1101 2124 talibus
1122 2063 1174 2140 qui
1195 2063 1255 2123 sibi
1274 2072 1414 2138 sumeret,
1435 2063 1555 2140 ineptus
1576 2065 1664 2123 iuret.

456 2166 557 2245 Caput
570 2177 741 2228 extremum
759 2167 800 2244 (c.
816 2166 955 2243 56-60)
971 2166 1146 2243 explanarit
1160 2163 1329 2224 Foucartus
1344 2184 1374 2243 p.
1391 2165 1430 2223 57
1453 2164 1563 2223 collata
1575 2164 1707 2226 clausula

374 2267 467 2327 simili
489 2277 613 2329 senatus
635 2269 765 2330 consulti
787 2269 825 2327 de
845 2267 968 2327 Iudaeis
990 2267 1127 2346 (loseph.
1150 2276 1211 2325 ant.
1233 2266 1302 2329 Iud.
1325 2267 1372 2339 13,
1392 2265 1423 2338 9,
1444 2264 1493 2342 2)=
1519 2257 1598 2328 ὅπως
1618 2261 1707 2328 αὐτοῖς

375 2359 442 2452 npe'e
469 2393 500 2428 rs
525 2349 661 2436 βασιλεῖς
692 2360 740 2428 uei
773 2361 879 2440 δήμους
905 2359 1075 2452 ε’λιυὲἕρους
1102 2359 1260 2451 γράμματα
1292 2361 1379 2426 δῶσιν
1404 2365 1444 2427 ric
1468 2356 1638 2442 ἀσφάλειαν
1662 2370 1707 2436 sris

372 2469 413 2535 aie
435 2460 507 2529 οἷκον
535 2463 683 2532 ἐπανόδου.
727 2473 880 2548 Expectes
906 2487 980 2530 saue
1006 2489 1034 2530 v.
1058 2470 1098 2530 57
1128 2465 1224 2530 αὐτοῖς
1245 2487 1300 2547 pro
1322 2459 1497 2535 θιτβειῒσιν,
1524 2469 1577 2528 sad
1604 2470 1706 2528 similia

375 2557 664 2651 parum-diligenter
685 2574 799 2652 scripta
819 2573 910 2632 etiam
933 2572 1006 2632 alibi
1027 2572 1060 2630 in
1081 2570 1345 2631 senatusconsulto
1367 2559 1557 2642 offendimus,
1580 2577 1614 2630 et
1635 2579 1705 2630 recle

375 2673 468 2750 legati
495 2674 640 2734 Thisbaei
666 2675 765 2736 Roma
796 2675 917 2734 domum
943 2674 1013 2732 nari
1045 2674 1088 2732 ita
1114 2673 1225 2732 reverti
1253 2679 1428 2750 potuerunt,
1461 2680 1496 2731 ιιι
1527 2671 1705 2750 appellerent

374 2771 579 2850 Naupactum,
601 2777 683 2856 quod
704 2777 848 2853 oppidum
875 2785 939 2834 tum
960 2774 1137 2835 Aetolorum
1159 2782 1238 2847 erat,
1264 2783 1295 2833 et
1316 2767 1494 2850 Anticyram
1515 2773 1555 2832 in·
1568 2773 1702 2832 Phocide.
1775 2819 1776 2830 .

377 2871 454 2932 Cum
487 2876 752 2936 commendaticiae
784 2895 845 2937 non
875 2884 1016 2956 petentur
1046 2877 1105 2935 nisi
1137 2877 1244 2954 legatis
1271 2875 1505 2948 Thisbaecrum,
1537 2875 1612 2936 mire
1644 2893 1702 2934 cou-

376 2974 523 3034 ceduntur
544 2987 575 3036 et
588 2978 750 3038 Thisbaeis
771 2987 802 3038 et
816 2976 992 3052 Coronaeis,
1014 2979 1068 3054 qui
1090 2976 1239 3062 Coronaei
1260 2985 1416 3055 praeterea
1436 2977 1553 3062 intuto
1574 2983 1702 3036 senatus·

375 3080 514 3137 consulto
541 3096 601 3139 non
628 3081 830 3140 nominantur.
879 3081 1021 3153 Accedit,
1048 3079 1130 3158 quod
1157 3087 1232 3139 teste
1257 3079 1346 3139 Lirio
1372 3096 1408 3136 eo
1434 3077 1503 3156 ipso
1528 3096 1625 3152 anno,
1650 3097 1702 3155 quo

377 3176 515 3239 Coronea
541 3187 631 3257 capta
659 3191 720 3256 est,
746 3201 850 3242 eorum
877 3199 970 3262 causa
992 3181 1025 3240 in
1047 3190 1154 3242 senatu
1175 3189 1244 3241 acta
1264 3189 1324 3253 est,
1352 3188 1385 3238 nt
1405 3161 1502 3238 multo
1523 3188 1593 3238 ante
1615 3181 1649 3238 de
1668 3180 1701 3237 iis

375 3297 467 3354 qnam
489 3281 527 3340 de
548 3281 710 3344 Thisbaeis
736 3289 860 3344 senatus
886 3280 1060 3359 decrerit1).
1104 3282 1206 3358 Quare
1231 3282 1323 3359 legati
1345 3278 1511 3352 Coronaei,
1540 3279 1578 3340 de
1603 3281 1701 3358 quibus
1775 3309 1776 3312 ¹

375 3379 434 3440 hoc
455 3382 523 3442 loco
544 3385 659 3460 agitur,
686 3385 714 3445 si
742 3394 813 3445 sunt
839 3385 957 3464 ipsili,
985 3385 1037 3461 qui
1062 3393 1133 3462 post
1160 3383 1414 3461 expugnationem
1436 3399 1562 3441 causam
1582 3383 1646 3442 eiua
1664 3383 1701 3440 rei

375 3483 514 3558 publicae
540 3485 571 3544 in
598 3493 705 3546 senatu
726 3495 918 3564 peregerant,
945 3485 1131 3563 aliquamdiu
1152 3492 1224 3563 post
1249 3485 1378 3561 primum
1404 3483 1555 3550 decretum
1581 3484 1612 3541 in
1637 3483 1701 3541 urbe

376 3584 485 3643 morati
513 3586 574 3646 sint
600 3585 723 3648 neccsse
749 3595 809 3660 est;
837 3597 869 3647 at
894 3596 995 3666 potest
1018 3587 1100 3659 fieri,
1130 3594 1163 3646 ut
1189 3587 1241 3646 alii
1270 3587 1332 3646 sint
1351 3585 1479 3646 Romam
1505 3585 1630 3661 proiecti
1649 3603 1700 3642 una
1775 3591 1776 3596 ’

376 3701 444 3744 cum
466 3684 629 3746 Thisbaeis
649 3706 706 3764 pro
732 3687 841 3748 vicinis
863 3689 927 3749 suis
948 3675 1144 3766 deprecaturi.
1189 3685 1250 3749 Sed
1271 3707 1338 3748 cnm
1366 3706 1439 3746 vera
1464 3703 1560 3746 causa
1585 3685 1698 3746 inveniri
1775 3723 1776 3762 3

376 3795 517 3861 nequeat,
538 3788 606 3864 plus
629 3789 727 3848 minus
741 3790 957 3850 verisimilibus
978 3791 1010 3849 iu
1030 3810 1064 3850 re
1078 3790 1190 3850 nullius
1205 3790 1346 3850 momenti
1367 3789 1511 3848 lectorem
1532 3806 1594 3848 non
1613 3805 1698 3847 mora·
1775 3831 1776 3834 ,

270 3961 273 3966 Ι
377 3885 487 3945 bimur.
514 3885 517 3894 ’

453 4022 477 4086 ¹)
501 4026 589 4077 Livius
602 4027 646 4090 43,
661 4029 687 4090 4,
703 4030 735 4079 11
756 4029 791 4080 ad
809 4044 833 4080 a
851 4030 917 4082 584:
942 4029 1105 4083 decreverant
1122 4030 1207 4082 eadem
1225 4030 1256 4082 de
1275 4029 1414 4090 Abderitis,
1436 4043 1501 4096 quae
1519 4027 1552 4080 cle
1575 4025 1697 4080 θοτοιιιιίι

376 4112 539 4167 decreverant
550 4119 643 4189 priore
661 4135 736 4171 anno.
763 4119 905 4184 Foucertus
924 4137 949 4188 p.
965 4125 998 4174 58
1019 4125 1108 4175 nescio
1126 4123 1257 4189 quemodo
1275 4123 1325 4174 sibi
1338 4122 1464 4188 persuasit
1482 4121 1510 4172 in
1528 4125 1597 4173 annd
1609 4119 1696 4172 llrirm
1775 4171 1776 4194 1

376 4221 474 4258 errasse
499 4217 525 4260 et
548 4225 617 4262 anno
642 4211 746 4262 demum
769 4213 823 4264 584
848 4220 965 4265 senatum
988 4221 1042 4266 tam
1061 4216 1093 4266 de
1113 4215 1251 4266 Thisbaels
1276 4229 1352 4280 quam
1371 4213 1404 4263 de
1423 4212 1567 4264 Coronaeis
1585 4213 1696 4263 mulae-
1775 4195 1776 4278 1

376 4299 416 4349 At
439 4315 594 4367 quamquam
614 4303 750 4368 probabile
773 4311 812 4356 est
836 4306 927 4356 eodem
951 4306 1007 4358 iere
1031 4314 1163 4372 tempore,
1188 4308 1286 4358 scilicet
1304 4313 1426 4357 autumno
1445 4319 1469 4356 a
1489 4305 1558 4368 583,
1583 4303 1696 4356 consulem
1775 4311 1776 4346 l

375 4391 504 4443 Licinium
523 4393 668 4446 Coroneam
687 4411 848 4462 expugnasse
867 4405 893 4447 ct
910 4405 1057 4463 praetorem
1075 4399 1223 4450 Lucretium
1243 4397 1356 4450 Thisbes
1376 4396 1520 4461 recepisse,
1547 4412 1599 4448 non
1617 4396 1695 4446 mima
1775 4387 1776 4467 1

375 4489 414 4532 est
433 4483 465 4534 de
485 4483 627 4538 Coronaeis
638 4488 718 4538 -cmni
735 4503 831 4554 genere
850 4490 1034 4556 suppliciorum
1053 4489 1170 4554 allectis,
1194 4498 1223 4540 ut
1239 4500 1282 4542 rea
1301 4495 1328 4539 et
1346 4487 1510 4541 Graecorum
1529 4496 1555 4540 st
1573 4489 1648 4554 ipsius
1661 4498 1695 4534 se·

374 4579 450 4626 natus
469 4577 674 4642 indignationem
693 4587 817 4644 moveret„
837 4580 883 4630 diu
902 4589 961 4632 anto
980 4590 1097 4634 senatum
1112 4583 1262 4634 tractavisse
1281 4596 1358 4648 quam
1376 4581 1411 4632 tle
1424 4580 1565 4632 Thisbaeis
1583 4580 1695 4630 nidorem
1775 4575 1776 4634 ζ

378 4665 419 4713 rel
438 4675 507 4718 certe
525 4671 610 4722 mlnus
629 4671 759 4722 crudelem
782 4673 906 4723 rictorem
924 4674 1047 4738 expertis.
1081 4674 1137 4725 Nee
1156 4680 1262 4739 propter
1279 4674 1366 4724 locum
1385 4679 1489 4723 senatus
1508 4672 1616 4724 consulti
1631 4670 1696 4736 plane

378 4753 513 4809 obscurum
541 4762 723 4828 ePolybiana
746 4765 894 4816 narratione
918 4764 1016 4830 optime
1039 4765 1194 4816 cohaerente
1219 4763 1404 4816 discedendum
1422 4771 1469 4815 cst.
1507 4766 1605 4816 Verum
1624 4768 1658 4812 eet
1672 4759 1696 4808 iu
1775 4749 1776 4818 ]

379 4847 501 4909 periocha
516 4852 585 4902 Livii
603 4853 664 4903 libri
683 4855 717 4905 43
737 4857 941 4921 expugnationes
960 4857 1131 4922 complurium
1149 4859 1178 4918 jn
1197 4855 1309 4909 Graecia
1326 4857 1427 4906 urbium
1442 4854 1594 4923 proconsuli
1609 4851 1695 4905 licinio
1775 4837 1776 4900 1

377 4937 502 5002 adscribi;
527 4948 555 4991 et
577 4958 609 4994 ea
633 4946 850 5010 neglegentissimi
874 4949 1007 5013 scriptoris
1031 4950 1146 5000 narratio
1169 4948 1245 4999 cedat
1267 4961 1373 4998 uacasse
1394 4954 1433 4998 est
1455 4948 1488 4998 iis
1511 4962 1579 5012 quae
1597 4961 1627 4995 ex
1644 4941 1695 5008 ipris

376 5028 492 5087 Isivissnis
510 5032 625 5098 reliquiis
642 5037 813 5103 universoque
835 5053 922 5090 rerem
941 5041 1032 5091 ordine
1053 5041 1195 5092 certissima
1215 5039 1379 5104 colliguntur,
1403 5038 1501 5090 sedicet
1520 5039 1635 5090 Crassum
1652 5047 1694 5083 uon

379 5119 423 5170 diu
442 5137 492 5186 pro
513 5125 616 5198 consule
641 5127 723 5193 copiis
740 5129 896 5194 praefuisse,
924 5131 1071 5184 Coroneam
1094 5139 1181 5184 autem
1205 5147 1263 5183 eum
1282 5131 1470 5198 expugnarisse
1483 5131 1629 5195 confflem,
1651 5137 1693 5174 u⁰1¹

379 5227 426 5274 pro
446 5216 558 5266 consule.
