3546 5950
935 631 1135 684 wultanus

676 905 744 979 DE
771 901 1063 980 PRAEFECTO
1092 901 1403 979 OASTRORVM.

456 1080 607 1139 Praefecti
629 1088 795 1138 castrorum
818 1079 973 1155 quaerenti
996 1077 1069 1135 mihi
1089 1076 1283 1136 innotuerunt
1303 1077 1350 1135 his

441 1207 471 1283 1)
505 1207 660 1284 Vespasius
676 1205 779 1263 Pollio.
796 1237 837 1246 —
861 1203 939 1262 Suet.
963 1203 1081 1278 Vesper.
1093 1204 1124 1260 1.·
1145 1203 1242 1274 Pollu,
1257 1203 1386 1262 Nursiae
1398 1203 1514 1261 lonasto
1527 1223 1624 1280 petere
1638 1215 1686 1262 ern

523 1316 639 1383 putrem
660 1306 759 1364 habuit
778 1305 945 1380 l'espusium
959 1303 1127 1374 Pollionem,
1151 1313 1194 1362 ter
1214 1306 1357 1363 tribunum
1377 1304 1499 1362 militum
1517 1307 1686 1382 praefectua-
1751 1345 1752 1370 .

527 1427 581 1484 pue
603 1417 772 1478 castrorum,
788 1408 913 1480 fratrem
934 1415 1090 1465 senatorem
1107 1409 1273 1482 praetoriae
1295 1406 1455 1480 dipniluts's.

375 1507 526 1584 Vespasia
547 1507 635 1566 Polla
659 1516 755 1566 mater
776 1515 823 1565 est
842 1505 1025 1583 Vespasiani
1046 1506 1250 1582 imperatoris,
1277 1506 1341 1564 nati
1362 1525 1443 1565 anno
1460 1506 1478 1564 9
1494 1525 1525 1583 p.
1542 1505 1594 1578 0.,
1619 1513 1686 1582 pater

375 1610 466 1686 igitur
487 1611 552 1669 sine
574 1609 664 1666 dnbio
685 1609 903 1685 praeleoturam
926 1614 1090 1666 castrorum
1111 1607 1241 1667 obtinuit
1262 1607 1427 1683 imperante
1448 1609 1598 1684 Augusto.

440 1710 473 1786 2)
507 1709 560 1767 M:
581 1708 706 1767 Ennius.
724 1743 763 1753 -
785 1709 906 1779 Diona,
924 1709 945 1765 8
966 1706 1055 1784 (anno
1073 1709 1136 1784 llp.
1156 1705 1205 1785 0.)
1226 1699 1429 1791 Σκινέβαρδὸο
1449 1729 1494 1768 sec
1515 1698 1685 1792 repensari·
1751 1713 1752 1740 l

528 1831 610 1878 μενος
630 1801 868 1878 pertansires-&cer
890 1798 939 1866 seni
961 1798 1085 1880 πέμψας
1105 1803 1171 1866 κατ’
1191 1801 1261 1866 adri
1282 1810 1365 1865 τοῦτο
1386 1803 1456 1893 πρὸς
1476 1799 1584 1868 Μάνιον
1601 1798 1686 1866 Ἔνναν
1751 1807 1752 1870 J

529 1901 713 1992 φρούραρχον
735 1903 855 1969 Seruius·
876 1905 912 1968 uic
932 1899 1039 1978 ἕτοιμος
1059 1897 1108 1977 uir
1130 1899 1166 1966 aiv
1187 1903 1379 1978 αὐτομολῆσαι
1400 1918 1463 1966 reri..
1477 1943 1520 1954 -
1546 1911 1611 1970 Tua.
1624 1911 1685 1968 Aen.

528 2011 614 2086 I,38
635 2011 724 2087 (anno
738 2012 778 2070 14
788 2031 821 2087 p.
840 2011 886 2087 0.)
909 2011 952 2069 Ar
971 2015 1002 2070 in
1023 2011 1146 2072 Cleusis
1166 2022 1328 2088 coeptavere
1346 2011 1513 2072 aedilitatem
1529 2013 1687 2089 maradian

527 2115 669 2190 upituntes
695 2113 840 2172 venillurii
865 2114 1039 2172 discordium
1065 2115 1205 2190 lepionum
1230 2121 1256 2170 et
1277 2116 1426 2188 praesenti
1446 2115 1570 2172 duorum
1589 2113 1685 2172 natan

527 2216 671 2291 supplicio
693 2214 828 2290 paullum
853 2217 980 2291 repressi
1003 2223 1078 2273 sunt.
1121 2215 1253 2274 Imserut
1272 2215 1305 2272 id
1324 2213 1379 2272 113
1395 2213 1527 2288 metm,
1553 2225 1686 2276 ensem

524 2318 701 2391 modestus,
723 2315 794 2374 luno
815 2319 907 2391 asapia
929 2315 1053 2390 erenplo
1074 2334 1161 2392 quum
1182 2331 1312 2376 eoncesso
1332 2319 1405 2374 iure.

376 2414 428 2473 M!
442 2414 534 2474 Ennii
556 2435 664 2476 nomen
685 2425 765 2476 reete
787 2416 867 2492 apud
882 2415 1020 2478 Tacitum
1043 2416 1175 2476 restituit
1192 2415 1408 2493 Nipperdeiua3
1430 2417 1499 2477 uod.
1520 2417 1598 2478 Med.
1616 2416 1686 2475 habet

376 2515 522 2576 Menenius.

439 2618 469 2676 3.
480 2616 516 2693 4>
543 2616 583 2678 L.
602 2618 724 2695 Eppius.
754 2618 898 2678 Ceionius.
915 2651 953 2662 -
985 2617 1058 2678 Veli.
1078 2619 1185 2690 2,119
1205 2618 1377 2695 (unno9p.
1402 2619 1433 2680 0.
1460 2624 1494 2678 in
1517 2621 1626 2697 proelio
1644 2618 1685 2676 l'e·

528 2719 645 2795 riano).·
669 2719 747 2778 Duei
770 2719 841 2796 plus
866 2721 907 2780 ud
932 2722 1108 2780 moriendum
1134 2737 1221 2796 quarn
1247 2723 1289 2780 ud
1310 2721 1500 2797 papnundum
1521 2725 1609 2780 animi
1624 2721 1685 2796 sut:

528 2823 634 2897 quippe
649 2823 767 2896 paterni
786 2824 912 2897 euinque
933 2823 1053 2897 exempli
1073 2839 1218 2881 successor
1236 2840 1266 2880 se
1279 2825 1342 2898 ipse
1355 2823 1508 2898 mnmfieit.
1541 2823 1581 2882 As
1594 2840 1608 2879 e
1618 2837 1686 2896 pree·

521 2923 608 2997 sectis
629 2929 788 2980 castrorum
808 2922 917 2982 duobus
938 2941 1025 3000 mum
1047 2924 1157 2984 niumm
1178 2924 1333 3000 exemplum
1346 2921 1385 2982 L.
1400 2923 1526 3000 Eppius,
1549 2935 1604 2986 tun
1621 2932 1686 2998 turpe

531 3024 663 3084 Ceionius
680 3024 824 3099 prodidit,
845 3027 905 3101 qui,
925 3041 988 3082 eum
1009 3023 1091 3101 lonpe
1105 3028 1258 3085 mnsam
1275 3033 1388 3104 purtem
1402 3025 1607 3102 absumpsisset
1617 3028 1686 3092 netu,

529 3136 630 3186 auster
651 3126 802 3184 deditionis
824 3125 966 3202 supplieio
987 3144 1073 3201 paam
1089 3125 1202 3202 proelio
1222 3130 1296 3186 mori
1314 3127 1423 3186 meluit.

438 3229 473 3306 5)
505 3227 544 3288 L.
570 3229 729 3290 Caedicius.
744 3257 786 3270 -
807 3225 879 3285 Vell.
899 3226 1007 3296 2120
1029 3224 1118 3302 (anno
1136 3229 1199 3304 9p.
1217 3227 1248 3288 Ο.
1266 3229 1494 3304 postproelium
1518 3225 1685 3300 Verianum:

467 3341 470 3348 “
529 3329 567 3389 L.
595 3332 679 3388 etiam
701 3327 838 3400 Caedici,v
852 3328 997 3404 praefecti
1018 3338 1192 3401 austrorum,
1220 3347 1369 3405 eorumque
1390 3333 1440 3406 qur·
1459 3349 1521 3388 unu
1542 3329 1687 3389 eireunduli

528 3432 649 3490 Alisone
681 3432 815 3489 inmeritis
845 3426 1052 3489 Germanorum
1079 3433 1169 3506 sepiis
1195 3430 1406 3505 obsidebuntur,
1434 3432 1589 3492 laudanda
1612 3433 1686 3489 uirtus

529 3545 571 3594 etl
591 3542 642 3592 cel.

438 3634 472 3710 6)
504 3635 672 3711 Aufidienus
686 3632 793 3706 Rufus.
809 3663 847 3674 -
873 3632 940 3694 Tne.
962 3651 1031 3692 ann.
1045 3634 1073 3705 1,
1089 3631 1133 3692 20
1153 3631 1243 3709 (enno
1257 3633 1297 3694 14
1306 3653 1340 3710 p.
1357 3633 1389 3694 Ο.
1411 3636 1442 3691 in
1463 3635 1599 3694 seditim
1616 3633 1686 3708 lipia

527 3754 594 3794 num
614 3735 845 3792 Pannonicorum
864 3733 950 3792 VIII
961 3734 1050 3810 Aup„
1072 3733 1129 3794 IX
1145 3734 1245 3812 Hispa,
1269 3735 1305 3794 X
1309 3733 1337 3794 V
1345 3733 1542 3811 Apollinaris,
1563 3753 1631 3812 quae
1647 3736 1687 3790 iis·

528 3837 591 3896 dem
605 3837 709 3895 eastris
731 3837 847 3894 aestiuis
868 3833 955 3894 simul
976 3834 1182 3912 iubebantur).·
1203 3840 1311 3896 interea
1332 3833 1474 3912 manipuli
1495 3847 1561 3897 ante
1580 3843 1686 3912 eorpus

529 3937 691 3997 aeditimum
710 3933 894 4012 Nauportum
919 3939 1001 3996 missi
1026 3936 1187 3998 abitinere
1207 3946 1233 3996 et
1248 3946 1351 4013 pontes
1373 3947 1398 3998 et
1418 3939 1494 3998 elios
1516 3957 1600 4009 uses,
1619 3943 1686 4012 post·

529 4058 615 4115 quum
637 4038 778 4096 turbatum
800 4040 831 4096 in
852 4041 957 4096 eastris
978 4055 1117 4114 umepme,
1139 4039 1247 4098 venilia
1268 4038 1427 4099 eonoellunt
1447 4071 1486 4084 -
1503 4072 1543 4084 -
1564 4037 1687 4097 retreat

528 4143 703 4202 centuriones
723 4143 817 4198 inrisu
838 4149 864 4198 et
880 4139 1064 4210 contumeliis,
1081 4149 1226 4216 postremo
1240 4140 1403 4200 antestes
1417 4143 1600 4212 insectentur,
1616 4152 1687 4215 prat

529 4247 614 4319 sipara
633 4244 664 4299 in
679 4239 859 4316 Aufidienum
872 4241 990 4316 Rufiem,
1008 4243 1185 4316 praesentum
1199 4251 1367 4313 antrorum,
1388 4245 1445 4316 ira,
1467 4261 1550 4320 puer
1564 4244 1687 4317 despue

377 4511 582 4522 --—--

379 4635 436 4696 3,1
456 4650 482 4699 p.
496 4635 560 4696 411,
579 4647 633 4682 non
651 4631 791 4682 sufiiciunt.
828 4631 931 4682 Deinde
950 4633 994 4698 qui
1013 4647 1094 4698 nuper
1112 4632 1144 4683 de
1162 4632 1324 4699 praefectura
1341 4634 1452 4700 legionis
1470 4635 1523 4700 egit
1539 4634 1593 4684 Leo
1608 4625 1688 4680 Renitr

377 4722 446 4775 mim.
465 4723 496 4774 de
515 4717 593 4773 linet.
613 4725 671 4790 inp.
693 4723 764 4774 1861
783 4739 809 4788 p.
824 4723 939 4789 tiliam,
959 4725 981 4773 ia
1000 4739 1051 4790 quo
1070 4731 1109 4775 est
1125 4725 1230 4790 ingenio
1248 4731 1324 4776 uento
1343 4726 1466 4792 uberlque
1485 4725 1601 4776 leonins
1616 4714 1686 4771 Lardl

377 4816 471 4880 Lepidi
496 4815 599 4866 titulum
621 4813 753 4880 praeclare
777 4815 918 4879 supplevit;
943 4829 1008 4880 quae
1027 4823 1114 4868 tamen
1133 4817 1165 4866 de
1183 4817 1345 4884 praefectura
1362 4817 1471 4884 legionis
1489 4814 1618 4874 disseruit,
1640 4821 1686 4874 pro·
1746 4873 1747 4880 ρ

378 4905 465 4956 banda
493 4922 546 4956 non
571 4921 627 4956 esse
650 4911 677 4956 et
698 4921 732 4956 ex
757 4907 789 4956 ils
812 4914 875 4972 puto
899 4913 964 4971 quae
987 4920 1065 4972 supra
1088 4909 1164 4976 posui
1187 4916 1294 4973 apparet
1317 4916 1343 4959 et
1367 4915 1426 4958 ante
1454 4921 1496 4958 rna
1520 4897 1687 4956 demonstravit

378 4997 556 5050 Mommsenus
574 4997 642 5058 (loeo
661 5011 723 5047 mox
743 4997 870 5061 citando);
894 5005 962 5048 reete
982 5005 1068 5048 tamen
1086 5000 1235 5065 primusque
1253 5000 1342 5050 tloouit
1359 4999 1544 5066 praelectum
1563 5001 1685 5046 eunom

378 5105 506 5140 summum
525 5103 580 5138 esse
604 5089 714 5138 militare
738 5103 831 5139 munm
853 5089 882 5139 in
906 5090 1036 5156 Aegypto.
1077 5090 1198 5157 Denique
1221 5091 1347 5143 nonnulla
1369 5091 1402 5142 de
1424 5090 1584 5157 praefectura
1605 5082 1686 5148 ⁰P⁶¹⁸⁰

379 5182 500 5246 exposuit
511 5181 696 5243 Mommsenus,
715 5195 773 5232 oum
791 5181 894 5232 titulum
912 5181 945 5232 Τ.
960 5181 1043 5232 illarii
1057 5183 1199 5248 Vergiliani
1218 5181 1307 5249 (supra
1324 5197 1351 5234 u.
1365 5181 1410 5243 24)
1430 5181 1518 5234 ederet
1535 5181 1562 5231 in
1574 5167 1685 5231 aetem

380 5275 543 5340 ephemeride
561 5274 691 5328 arohaeol.
709 5275 818 5328 XXVII
837 5271 931 5334 (1869)
950 5287 974 5338 p.
991 5275 1052 5326 123.

530 4342 659 4404 veileulo
681 4344 805 4402 sureinis
826 4351 952 4419 prauum
971 4353 1116 4419 upantpue
1136 4347 1165 4401 in
1188 4347 1309 4422 npmine,
1327 4361 1383 4420 per
1404 4343 1560 4404 ludibrium
1579 4343 1687 4417 mplius·
1747 4423 1748 4426 Ἴ
