3546 5950
550 641 599 693 un
618 640 830 695 reserucro
847 641 1076 696 cssuaonvu.
1427 627 1475 700 93

143 817 243 876 misso
268 815 376 887 refert,
401 815 538 896 legiones
564 833 604 874 ex
628 815 781 892 insperato
803 816 959 876 victoriam
980 816 1150 876 vindicasse
1174 819 1313 894 iugulatis
1339 821 1376 879 ab
1401 821 1480 881 beate

144 919 318 994 quibasdam
340 917 460 976 tribunis
480 917 610 989 rnilitum,
633 921 798 994 interempto
814 921 960 994 praes'ecto
981 929 1140 979 castrorum
1157 923 1367 999 praefectisque
1380 923 1480 982 cobor-

145 1023 218 1078 tium
240 1019 283 1095 (ιι.
301 1019 369 1094 39);
391 1017 540 1078 exercitus
562 1036 680 1094 quoque
695 1016 876 1078 Vitellianos
888 1019 995 1079 ¹Fabio
1010 1020 1137 1080 Valente
1158 1031 1188 1080 et
1203 1019 1332 1082 Caecina
1352 1024 1478 1085 dacibus

145 1120 261 1197 duplici
282 1120 399 1198 agmine
419 1119 540 1179 Italiam
561 1128 696 1196 petentes
718 1121 854 1197 singulos
876 1120 1020 1180 babuisse
1041 1122 1209 1198 praefectos
1224 1133 1400 1198 castrorum,
1415 1126 1479 1185 Va·

144 1221 239 1280 lentis
260 1221 403 1280 Alfenum
417 1217 543 1294 Varum,
565 1218 713 1280 Caecinae
733 1217 845 1280 Iulium
868 1220 1005 1296 Gratum,
1027 1231 1106 1282 recte
1127 1241 1167 1282 ex
1187 1223 1287 1284 Taciti
1307 1229 1480 1290 narratione

146 1322 329 1398 (ιι.16.17)
351 1321 495 1382 effeceris.
539 1321 690 1382 Praefecti
710 1323 801 1399 igitur
821 1333 1002 1396 castrorum,
1027 1325 1079 1400 qui
1099 1324 1265 1400 Vitellium,
1286 1346 1353 1387 cum
1374 1330 1478 1390 urbem

145 1423 363 1500 ingrederetur,
390 1423 608 1483 comitabantur
632 1423 676 1500 (n.
698 1423 770 1501 43),
798 1423 858 1484 duo
885 1424 1024 1484 videntur
1051 1426 1146 1486 fuisse
1174 1427 1224 1486 vel
1250 1435 1329 1488 tres:
1357 1431 1477 1490 tertium

146 1525 229 1584 enim
251 1525 381 1584 fortasse
395 1526 461 1602 ipse
476 1543 577 1584 secum
593 1525 718 1584 adduxit
730 1523 882 1585 Vitellius.
916 1525 1031 1586 Postea
1045 1544 1163 1604 quoque
1178 1527 1209 1587 in
1223 1530 1356 1590 exercitu
1371 1551 1390 1590 a
1403 1529 1481 1592 Cae·

146 1628 218 1685 cina
238 1635 343 1686 centn
363 1625 487 1687 Flavias
509 1626 638 1686 adducto
660 1645 738 1687 nnus
754 1625 881 1687 Cassius
893 1626 1018 1705 Longus
1040 1627 1084 1704 (n.
1102 1629 1154 1705 19)
1175 1631 1344 1707 praefectus
1365 1641 1480 1693 castro·

146 1747 215 1787 rum
230 1727 348 1788 videtur
368 1728 474 1790 fuisse.
506 1725 621 1787 Contra
640 1727 699 1788 duo
721 1728 881 1788 adfuerunt
899 1730 1014 1807 proelio
1028 1728 1172 1804 Variauo,
1194 1749 1253 1808 quo
1267 1742 1330 1794 tres
1345 1733 1479 1812 legiones

147 1847 258 1888 caesas
284 1847 353 1890 esse
377 1837 496 1889 constat
521 1828 564 1906 (ιι.
580 1829 609 1888 3.
625 1829 674 1905 4);
698 1827 797 1890 Varus
823 1830 917 1907 igitur
940 1847 1006 1890 cum
1028 1832 1163 1910 legiones
1183 1851 1223 1892 ex
1244 1834 1377 1896 bibernis
1397 1833 1481 1895 Rbe-

145 1931 236 1990 nanis
251 1930 290 1990 ad
301 1930 456 2008 Visurgim
471 1931 600 2003 duceret,
615 1929 741 1990 duorum
757 1933 936 1991 stativorum
946 1932 1115 2010 praefectos
1128 1950 1230 1993 secum
1240 1934 1379 2010 habebat,
1395 1939 1481 1997 cuius

147 2031 194 2090 rei
216 2049 325 2091 causas
346 2032 520 2109 intellegere
540 2031 663 2091 difficile
684 2051 744 2091 non
765 2039 820 2092 est

232 2135 369 2193 Absente
390 2135 542 2211 praefecto
563 2135 632 2210 quis
654 2134 734 2193 vices
754 2135 819 2193 eius
840 2134 872 2192 in
892 2135 1001 2194 castris
1015 2151 1104 2212 egere
1119 2136 1226 2195 solitus
1241 2138 1291 2209 sit,
1312 2139 1463 2198 nescimus
1470 2160 1480 2212 ς

146 2251 240 2312 saepe
266 2243 365 2294 tamen
391 2254 459 2295 eum
485 2243 588 2296 castra
613 2235 774 2312 reliquisse
799 2235 1026 2313 praefuisseque
1045 2235 1291 2297 vexillationibus
1314 2240 1413 2299 varias
1442 2240 1481 2299 ad

147 2353 200 2394 res
227 2335 438 2413 exsequendas
466 2336 603 2409 emissis,
632 2344 752 2414 praeter
777 2336 948 2413 exemplum
976 2336 1131 2397 Aufidieni
1158 2337 1244 2411 Ruti,
1272 2358 1361 2416 quem
1388 2357 1482 2419 supra

147 2435 210 2496 iam
236 2439 400 2498 memoravi
424 2437 629 2498 vexillationis
656 2445 724 2497 ante
751 2447 888 2514 coeptam
913 2437 1088 2497 seditionem
1114 2437 1319 2499 Pannonicam
1340 2440 1483 2522 Naupor·

147 2543 214 2597 tum
241 2538 353 2598 missae
375 2538 479 2599 ducem
500 2538 544 2616 (n.
560 2537 610 2615 6),
636 2538 723 2599 docet
741 2539 910 2616 praefectus
931 2549 1111 2614 castrorum,
1139 2540 1191 2617 qui
1219 2541 1354 2602 annoto
1375 2545 1482 2605 cobor-

147 2639 230 2698 tibus
253 2639 431 2718 legionariis
456 2648 576 2718 praeest
601 2639 640 2699 ad
667 2641 849 2700 exstruenda
871 2640 951 2717 apud
972 2637 1088 2700 Siluras
1109 2641 1262 2718 praesidia
1282 2643 1393 2704 relictis
1415 2664 1483 2708 cae·

147 2741 253 2816 sisque
278 2760 300 2799 a
320 2739 475 2801 Britannis
497 2741 541 2819 (ιι.
557 2740 627 2817 42),
651 2741 724 2800 item
743 2741 875 2800 Insteius
897 2739 1017 2818 Capito,
1039 2742 1090 2802 cui
1111 2741 1245 2804 Corbulo
1271 2745 1351 2804 bello
1371 2748 1482 2806 Arme·

147 2843 236 2902 niaco
257 2843 386 2902 castella
405 2843 552 2903 nonnulla
572 2843 774 2921 expugnanda
793 2843 885 2902 tradit
905 2842 950 2920 (ιι.
968 2843 1030 2921 14),
1050 2843 1178 2921 denique
1196 2843 1350 2906 Litemias
1364 2846 1481 2908 Fronto

146 2943 384 3020 legionariorum
405 2946 583 3005 selectorum
604 2945 665 3004 dux
684 2945 765 3004 bello
783 2941 908 3004 Iudaico
929 2945 1113 3005 Alexandria
1134 2946 1172 3005 ad
1193 2945 1407 3026 Hierosolyma
1428 2969 1484 3029 op·

147 3045 313 3122 pugnanda
332 3047 495 3105 missorum
518 3046 560 3123 (n.
577 3045 641 3123 21).
1451 3035 1456 3048 ⁸

234 3148 301 3207 Iam
321 3147 514 3226 intellegitur,
536 3148 653 3226 opinor,
679 3165 731 3206 cur
751 3147 784 3206 in
805 3147 899 3206 titulis
921 3148 1035 3206 saeculi
1055 3148 1145 3225 primi
1165 3158 1227 3207 tam
1248 3167 1317 3208 raro
1337 3153 1481 3229 praefecti

148 3259 319 3308 castrorum
340 3249 428 3308 titulo
449 3249 578 3309 addatur
597 3249 686 3326 legio,
707 3257 741 3308 ut
759 3255 876 3307 constet
895 3247 1062 3325 legitimum
1082 3266 1190 3308 nomen
1212 3267 1272 3308 non
1286 3249 1382 3310 fuisse
1392 3271 1485 3328 proe-

141 3353 219 3428 seetv'
245 3360 403 3410 coecorum
431 3352 549 3427 leatania
574 3351 669 3421 illiue,
696 3349 750 3409 sed
770 3351 912 3426 pepecit
937 3361 1111 3408 coecorum:
1137 3349 1309 3425 frequenter
1335 3352 1415 3411 enirn
1445 3373 1483 3412 ea

147 3459 250 3510 aetate
275 3452 387 3510 stativa
406 3451 507 3529 plures
528 3452 674 3529 legiones,
695 3450 841 3510 nonnulla
860 3468 899 3508 ne
912 3468 1003 3508 unam
1018 3448 1140 3526 quidem
1154 3451 1274 3528 plenam
1289 3455 1481 3530 eomprehen-

148 3552 277 3624 debant3
297 3552 400 3629 itaque
417 3555 559 3630 praesceti
579 3562 740 3613 caecorum
761 3553 878 3628 legionis
899 3551 981 3610 illiue
1002 3550 1023 3609 ii
1045 3559 1158 3610 tautum
1178 3552 1322 3628 praefecti
1337 3563 1368 3612 et
1381 3556 1483 3614 vocari

148 3661 292 3732 poteraut
312 3663 342 3714 et
362 3656 556 3730 vocabantur,
574 3656 627 3732 qui
649 3654 756 3714 cestris
777 3659 944 3730 praeerant,
966 3653 1027 3725 ubi,
1048 3661 1083 3712 nt
1102 3653 1134 3712 in
1153 3653 1315 3727 Africanis,
1337 3675 1397 3716 una
1417 3675 1482 3716 mo-

148 3757 275 3815 rabatur
300 3756 388 3834 legio.
431 3757 496 3815 Iam
523 3757 549 3816 si
575 3755 695 3816 saeculo
717 3754 848 3814 secundo
870 3754 1054 3813 contrarium
1075 3771 1163 3813 usum
1185 3755 1316 3816 valuisse
1335 3757 1483 3832 videmus,

148 3857 293 3916 nimirum
318 3867 352 3916 ut
377 3875 495 3934 semper
520 3856 649 3916 addatur
673 3857 765 3935 legio,
797 3855 883 3928 inde,
910 3855 1027 3932 opinor,
1055 3855 1232 3916 concludere
1260 3856 1418 3932 debemus,
1447 3879 1484 3920 ea

150 3944 253 4018 aetate
273 3959 342 4036 plus
363 3977 425 4017 una
444 3958 563 4036 legione
585 3977 738 4036 nunquam
759 3958 853 4017 fuisse
874 3959 906 4016 in
927 3956 1048 4030 castris,
1074 3956 1202 4033 ideoque
1223 3975 1311 4018 suum
1335 3978 1483 4036 quamque

148 4059 302 4136 legionem
323 4059 467 4118 babuisse
487 4058 670 4137 praefectum
690 4069 868 4119 castrorum.
908 4057 1035 4117 Etvero
1055 4057 1168 4118 iteres
1190 4059 1336 4120 sehabet.
1376 4062 1486 4122 Tradit

148 4162 232 4222 enim
254 4159 417 4222 Suetonius
442 4161 494 4220 vit
516 4161 678 4220 Domiti:
707 4159 917 4237 (Domitianus)
940 4162 1082 4235 peninar-i
1108 4159 1247 4236 imbuam
1272 4171 1368 4220 caeca
1383 4163 1484 4236 proli·

149 4264 222 4332 enat,
243 4280 294 4321 aec
310 4263 381 4340 plue
402 4281 490 4338 quom
508 4263 586 4321 mille
603 4280 731 4320 nummos
752 4281 772 4320 a
793 4278 935 4338 qucquam
955 4261 997 4318 od
1009 4264 1094 4336 etym
1108 4261 1227 4336 depone
1247 4261 1325 4336 qued
1337 4259 1377 4319 L.
1392 4261 1486 4320 Anto·

145 4368 218 4422 aius
244 4365 325 4439 opud
350 4367 473 4423 duorum
499 4363 640 4439 legionum
667 4363 785 4421 hiberna
804 4380 850 4421 res
871 4379 960 4420 coeca
981 4361 1097 4420 moliens
1111 4361 1251 4435 fiduciam
1271 4365 1378 4437 cepisse
1399 4365 1483 4422 etiam

146 4483 187 4523 ea
215 4466 403 4540 depositorum
429 4483 538 4523 sumata
562 4465 721 4524 uidebatur.
763 4463 838 4523 Inde
864 4463 902 4521 ab
924 4461 1091 4521 Domitiani
1118 4461 1209 4538 igitur
1230 4469 1328 4520 aetate
1349 4463 1484 4540 legiones

146 4564 288 4641 singulae
310 4573 464 4638 utceatra
485 4583 540 4625 aua
561 4566 603 4624 ita
622 4565 790 4642 praefectos
812 4573 977 4624 castrorum
1000 4561 1157 4622 habebant.

238 4663 427 4727 creabantur
440 4675 540 4726 autem
554 4667 696 4745 praefecti
711 4677 878 4726 castrorum
893 4667 930 4724 ab
946 4665 1131 4740 Imperatore
1147 4662 1189 4739 (n.
1203 4663 1248 4740 7),
1269 4664 1349 4723 dicto
1363 4667 1485 4727 audien-

148 4779 201 4826 tes
227 4776 314 4827 erant
339 4786 412 4828 suae
438 4769 569 4845 quisque
594 4767 767 4846 provinciae
792 4767 901 4845 legatis
928 4766 972 4843 (n.
991 4765 1118 4840 1115).
1160 4761 1241 4823 Num
1264 4775 1364 4826 autem
1385 4767 1486 4845 legato

147 4869 282 4946 legionis
303 4889 423 4948 quoqne
445 4869 558 4930 subditi
578 4869 700 4942 fuerint,
721 4867 793 4928 mibi
815 4868 934 4946 quidem
945 4866 1035 4946 'valde
1057 4864 1179 4924 dubium
1202 4874 1258 4938 est,
1278 4869 1370 4927 immo
1385 4878 1486 4946 aperte

147 4972 335 5047 negaverim.
378 4969 486 5048 Neque
513 4972 606 5044 enim,
633 4989 695 5047 qua
719 4970 835 5030 ratione
861 4968 941 5048 apud
963 4967 1100 5027 Tacitum
1129 4966 1375 5045 (n.14.17.19)
1402 4969 1489 5029 iuxta

149 5073 287 5148 legatum
310 5080 588 5143 commemorantur,
610 5089 708 5148 neque
729 5090 806 5148 quae
828 5071 976 5147 saprade
998 5068 1157 5146 praefectis
1179 5075 1345 5127 caseorum
1364 5071 1488 5150 Aegyp·

148 5177 301 5234 tiaecrum
329 5176 460 5252 exposui
486 5175 561 5234 satis
588 5173 769 5234 conveniunt
795 5171 943 5232 eiusmodi
964 5170 1142 5230 condicioni.
1185 5169 1251 5230 Nec
1271 5168 1399 5247 denique
1420 5189 1487 5247 per·

151 5277 332 5354 spiceretur,
357 5275 405 5334 cui
430 5293 469 5334 ex
493 5275 602 5352 legatis
628 5275 780 5351 legionum
806 5272 930 5334 deberet
954 5271 1090 5344 obedire,
1117 5271 1144 5330 si
1171 5271 1290 5346 quaudo
1318 5271 1489 5348 complures
