3582 5956
384 643 456 717 22ss
956 642 1139 739 noussen

383 745 944 776 .......--——-——-········

382 839 420 897 lis
442 831 552 896 saeculi
574 828 653 889 sexti
673 821 864 898 ineuntisque
882 817 1011 896 septimi,
1034 835 1130 893 neque
1145 814 1175 874 id
1190 833 1245 893 per
1260 831 1292 874 se
1307 816 1457 881 offendere
1470 822 1564 897 debet;
1584 843 1640 886 nam
1651 840 1674 886 ut

383 935 530 1020 praetoris
553 929 677 992 maximi
697 925 778 1004 apud
798 921 935 994 Latinos,
956 920 999 978 ita
1020 919 1185 1002 στρατηγοῦ
1198 909 1308 975 ὑπάτου
1330 922 1506 984 vocabulum
1518 927 1591 1005 apud
1604 925 1675 988 Grae

383 1060 435 1103 eos
458 1037 510 1099 illa
530 1040 626 1095 cente
648 1029 736 1107 plane
757 1025 930 1086 exoleverat
951 1021 1061 1099 qquue
1083 1038 1118 1078 eo
1140 1020 1279 1080 utebatur
1301 1041 1361 1082 nou
1383 1024 1486 1086 doctus
1502 1029 1675 1100 interducto,

384 1144 438 1204 sed
463 1138 656 1218 magistratus
684 1128 908 1207 magistratibus
934 1125 1083 1195 scribens,
1111 1121 1276 1182 credendus
1298 1132 1345 1184 est
1366 1145 1424 1184 non
1448 1138 1507 1186 tam
1527 1132 1676 1208 antiquatam
1751 1161 1752 1196 r

382 1246 465 1304 verbi
486 1235 736 1320 significationem
756 1229 934 1289 resuscitare
949 1226 1084 1285 voluisse
1105 1241 1195 1301 quam
1217 1225 1274 1284 hoc
1293 1225 1392 1286 dicere
1404 1237 1567 1305 praetorem
1581 1249 1675 1307 sense,

383 1347 436 1408 sed
462 1342 635 1424 primarium
663 1345 692 1398 et
717 1351 810 1412 supra
834 1331 967 1406 reliquos
987 1339 1142 1404 praetores
1164 1327 1352 1388 eminentem.
1396 1329 1482 1404 Quae
1503 1333 1595 1410 opinio
1613 1353 1677 1411 prae·

381 1459 465 1510 terea
490 1464 526 1505 eo
552 1439 792 1507 commendatur,
819 1432 901 1511 quod
922 1430 1002 1490 idem
1023 1427 1159 1488 Fannius
1181 1430 1212 1487 iu
1234 1429 1365 1506 epistula
1386 1434 1506 1509 publica
1526 1435 1580 1494 alia
1598 1436 1676 1496 eodem

382 1569 460 1610 anno
483 1549 596 1625 scripta
617 1539 786 1620 appellatur
807 1520 1092 1620 ἆρχεσσρασῃγέςῐ).
1132 1531 1198 1589 Iam
1217 1531 1269 1591 ubi
1290 1533 1551 1611 circumspicimus,
1569 1539 1614 1614 qui
1631 1539 1678 1596 ieri

381 1651 523 1730 potnerit,
544 1657 578 1705 ut
599 1639 634 1705 (δ’.
651 1642 787 1702 Fannius
809 1647 929 1715 praetor
951 1634 1045 1693 Asiae
1066 1653 1093 1692 a.
1111 1633 1170 1693 705
1193 1652 1286 1712 supra
1306 1635 1442 1712 reliquos
1465 1633 1606 1714 praetores
1624 1641 1677 1698 eni·

382 1759 480 1824 neret,
507 1749 609 1809 statim
636 1741 782 1804 succurrit
809 1737 967 1798 notissima
991 1735 1103 1795 liberae
1125 1736 1169 1794 rei
1191 1736 1326 1812 publicae
1348 1740 1531 1798 consuetudo
1551 1741 1678 1817 praetoriis

383 1850 563 1930 quibusdam
588 1845 772 1927 provinciam
800 1839 971 1918 regentibus
996 1839 1063 1897 iura
1090 1847 1120 1896 et
1146 1837 1277 1915 iusignia
1302 1841 1528 1914 proconsularia
1552 1843 1677 1914 tribuendi,

383 1957 420 2014 de
447 1973 508 2031 qna
534 1957 604 2028 post
631 1948 706 2008 elios
733 1945 781 2024 egi
806 1942 845 2002 ad
867 1941 898 2013 1,
914 1941 988 2013 6413
1016 1940 1097 2016 quod
1125 1940 1285 2016 quominus
1306 1941 1396 2000 etiem
1418 1941 1535 2002 Fannio
1554 1945 1679 2024 contigerit

381 2075 436 2134 per
456 2052 634 2115 difficillima
654 2051 698 2108 rei
719 2045 856 2124 publicae
877 2051 1014 2122 tempore
1029 2043 1135 2102 rislam
1157 2043 1281 2118 regenti,
1303 2042 1428 2104 dubium
1450 2063 1516 2105 esse
1530 2047 1577 2106 vix
1595 2057 1678 2123 potest.

382 2162 426 2218 At
446 2158 473 2216 is
488 2153 598 2215 Fannii
619 2152 715 2211 honor
736 2145 887 2225 quomodo
909 2144 1057 2204 enuntiari
1079 2143 1218 2221 potuerit,
1241 2145 1339 2205 minus
1361 2145 1453 2206 facile
1468 2155 1514 2206 est
1527 2148 1610 2220 dictu;
1628 2166 1678 2207 uun

383 2279 445 2319 non
473 2265 505 2317 ut
530 2253 639 2332 reliqui
667 2261 736 2330 post
754 2258 926 2330 praeturam
948 2247 978 2305 in
1001 2246 1074 2306 urbe
1096 2255 1194 2305 ectmn
1215 2265 1271 2324 pro
1292 2248 1415 2306 consule
1438 2250 1599 2328 provinciae
1615 2267 1679 2327 prae·

383 2368 458 2433 erat,
480 2359 533 2419 sed
555 2364 692 2435 praeerat
712 2355 740 2412 ei
762 2353 793 2412 iu
815 2352 882 2428 ipsa
903 2357 1044 2426 praetura
1065 2347 1265 2426 iungebatque
1287 2368 1356 2408 cum
1375 2349 1541 2411 honoribus
1555 2361 1679 2430 praeturae

384 2465 515 2522 honores
548 2456 788 2537 proconsulatus.
840 2452 946 2512 Potuit
977 2460 1057 2511 recte
1089 2450 1236 2529 appellari
1265 2462 1384 2527 praetor
1412 2471 1470 2528 pro
1497 2451 1631 2529 aarum)
1653 2452 1681 2510 sd

385 2563 558 2641 exemplum
590 2563 751 2638 quaestoris
774 2573 831 2633 pro
857 2565 1004 2631 praetore3
1038 2551 1092 2610 scd
1119 2552 1236 2611 videtur
1264 2553 1352 2612 aliter
1379 2573 1444 2613 rem
1475 2555 1639 2615 ordinavisse
1660 2563 1681 2612 et

384 2664 493 2724 Latine
514 2663 635 2739 quidem
657 2659 840 2720 continuisse
862 2675 894 2715 se
916 2657 996 2714 intra
1017 2653 1129 2714 nudum
1150 2654 1271 2714 titulum
1291 2656 1457 2732 praetoris,
1480 2655 1590 2717 Graece
1607 2665 1681 2714 auten

386 2764 500 2823 dixisse
522 2780 555 2823 so
577 2755 738 2846 στρατηγὼ
759 2751 867 2816 ὕπατον
889 2759 953 2816 sive
975 2745 1228 2840 dpwnpoerepo‘v,
1244 2756 1276 2815 id
1297 2766 1343 2817 est
1363 2766 1532 2834 praetorem
1551 2758 1682 2818 maximum

386 2866 452 2925 sive
477 2865 667 2941 prImarium,
696 2878 802 2937 nempe
828 2859 988 2918 habentem
1012 2857 1111 2918 fasces
1138 2857 1303 2918 duodecim.
1353 2859 1466 2920 Iulium
1494 2859 1596 2922 Gaium
1619 2859 1682 2918 illun

386 2967 449 3026 sive
470 2982 531 3043 quo
553 2963 613 3022 alio
635 2961 754 3023 nomine
774 2960 840 3034 fnit,
862 2959 916 3038 qui
937 2959 1039 3038 paullo
1061 2969 1131 3037 post
1154 2956 1286 3020 Caesare
1308 2961 1454 3022 dictatore
1475 2963 1565 3024 Asiae
1583 2960 1684 3040 praefuit

386 3060 549 3152 στρασηγὸς
569 3055 689 3132 ὕπατος,
710 3063 784 3123 nihil
805 3061 938 3140 impedit,
960 3062 1120 3139 quominus
1141 3062 1213 3120 item
1234 3069 1402 3124 statuamus
1425 3083 1462 3124 eo
1483 3066 1571 3126 ivisse
1589 3063 1683 3140 inipso

385 3177 544 3248 praesumas
566 3184 644 3226 anno
666 3167 734 3226 iura
753 3165 913 3225 habentem
934 3163 1133 3242 proconsulis,
1155 3183 1224 3223 cum
1244 3167 1422 3242 praesertim
1445 3175 1684 3246 nequaquam'ccr·

386 3279 451 3330 tum
479 3269 520 3330 sit
542 3266 703 3329 Gaesarem
729 3263 904 3327 dictat‘orem
925 3265 1022 3342 legem
1044 3264 1081 3324 de
1103 3265 1224 3324 biennio
1247 3277 1404 3343 praeturae
1426 3269 1504 3329 inter
1525 3270 1617 3329 urben
1634 3285 1684 3345 pro·

387 3372 578 3450 vinciamqne
599 3362 805 3430 discindendo
828 3367 1027 3445 aequabiliter
1048 3367 1236 3426 observasse.

950 3567 1153 3578 --...--...

495 3783 568 3844 IIII.
611 3779 845 3842 ANALEOTA
866 3779 924 3842 DII
945 3775 1175 3842 PISONIBVS
1197 3778 1253 3841 ΕΤ
1275 3779 1449 3846 cassele
1472 3783 1606 3846 FRVGI.

472 3938 523 3997 Ad
551 3956 589 3997 ea
615 3955 691 4014 qnae
720 3954 811 4014 supra
839 3954 868 4014 p.
893 3937 949 3996 14³
969 3953 1033 4012 seq.
1066 3937 1196 4013 exposui
1225 3938 1262 3998 de
1290 3936 1466 4016 calpurniis
1497 3941 1644 4001 Pisouibns
1665 3945 1687 3992 et

390 4037 512 4099 Crassis
534 4037 629 4116 Frugi
655 4047 848 4098 accreverunt
872 4037 1019 4115 quaedam
1046 4055 1113 4098 cum
1140 4057 1180 4099 ox
1201 4057 1269 4100 mea
1288 4037 1417 4100 lectione
1439 4052 1501 4102 tum
1524 4061 1561 4103 ex
1580 4036 1687 4100 admoni-

388 4139 520 4200 tionibus
533 4139 676 4200 Richardi
691 4137 833 4200 Schoenii
853 4139 911 4200 mei
933 4139 1122 4216 aliorumque
1143 4139 1318 4213 amicornm,
1340 4160 1417 4218 quae
1439 4164 1477 4204 ne
1498 4144 1602 4223 pagina
1614 4143 1687 4206 vacet

387 4243 437 4301 hic
456 4243 576 4303 adicere
597 4241 719 4319 placuit.

473 4343 596 4404 Titulus
621 4343 754 4403 urbanus
782 4349 855 4420 post
881 4341 957 4403 alios
978 4341 1092 4402 relatus
1114 4342 1195 4420 apud
1217 4341 1364 4404 Orellium
1388 4363 1416 4404 u.
1433 4345 1529 4406 ³689:
1557 4345 1586 4404 di
1603 4341 1688 4402 tenisi

388 4443 475 4504 XIX
488 4448 581 4522 positi
601 4455 668 4505 cant
688 4444 724 4503 ab
740 4441 927 4504 Scriboniano
949 4452 975 4503 et
996 4443 1100 4502 Pisone
1123 4443 1215 4520 Ihrqs'
1236 4463 1270 4504 ec
1290 4445 1471 4522 deputatione
1492 4447 1523 4505 T.
1540 4445 1622 4506 Flevi
1637 4439 1688 4501 l'et·

468 4752 492 4816 ¹)
520 4755 645 4820 Iosephus
659 4755 703 4820 15,
718 4757 762 4819 10,
777 4755 824 4808 13ι
843 4753 922 4813 'first
934 4745 1046 4822 'sperne
1064 4747 1144 4806 Τίτου
1162 4743 1218 4814 olo'c
1234 4743 1339 4822 Βὸλβος
1356 4748 1509 4828 mundantis
1525 4753 1565 4807 sul
1581 4737 1690 4818 interpl-

388 4857 462 4910 τηγος
479 4836 605 4912 Ἐφεσίων
623 4834 738 4918 ἄρχουσι
757 4843 845 4918 βουλῇ
859 4837 927 4914 dq'pq
945 4843 1058 4919 χαίριιν.
1089 4845 1193 4899 Delude
1211 4849 1246 4899 ibi
1260 4856 1299 4899 est
1311 4849 1362 4900 sic:
1380 4841 1448 4920 :apd
1465 4842 1560 4900 Φανίου
1576 4843 1616 4896 roll
1628 4834 1689 4910 ἆρχι·

389 4931 530 5002 στρατηγοῦ
546 4936 638 4987 aab.
680 4937 834 4989 Duebnerus
853 4939 924 5006 quod
941 4939 1031 5002 edidit,
1050 4953 1084 4990 cx
1102 4941 1251 4991 coniectura
1268 4947 1297 4990 nt
1314 4941 1425 5004 videtur,
1444 4927 1626 5008 ἀντιστρατήγου
1641 4929 1689 4984 fffll

388 5039 443 5078 non
460 5041 537 5093 posse
555 5035 624 5078 recto
642 5028 730 5080 docuit
747 5029 938 5096 Weddiugton3
958 5030 1069 5097 epistula
1086 5032 1157 5082 anim
1175 5033 1270 5098 scripta
1287 5039 1327 5083 ost
1345 5047 1433 5084 mense
1450 5031 1555 5084 Octobri
1574 5042 1595 5080 ι
1609 5023 1661 5076 tot.

465 5113 490 5180 ¹)
517 5113 629 5169 Praetor
641 5135 693 5186 pro
712 5119 812 5173 conmlc
836 5123 881 5188 qui
904 5123 1034 5174 invenitur
1057 5123 1085 5174 in
1107 5123 1188 5174 titulis
1211 5125 1258 5174 etsi
1276 5123 1340 5174 item
1358 5137 1412 5174 uno
1429 5122 1518 5189 spiritu
1536 5119 1627 5171 ridetur
1641 5109 1687 5162 eff*

387 5208 484 5261 raudus
507 5223 575 5274 esse,
600 5224 654 5261 non
676 5211 805 5277 sigulficat
825 5221 971 5278 praetorem
994 5213 1138 5282 eodemque
1161 5227 1230 5268 auno
1253 5215 1448 5282 proconsulem,
1472 5213 1519 5266 aed
1538 5211 1617 5279 priore
1633 5213 1687 5256 ΝΜ

387 5307 543 5366 praetorem,
563 5303 706 5368 posteriore
723 5303 903 5369 proconsulem
922 5303 956 5367 (r.
977 5305 1010 5358 ad
1028 5307 1051 5370 1,
1066 5305 1139 5368 641).
