3546 5950
559 615 609 666 nu
628 615 772 669 nrrvnrs
791 615 947 671 suricis.
1345 603 1415 675 117

98 786 145 862 qni
165 785 297 846 Drusum
322 786 469 846 iuniorem
496 785 658 862 significari
685 785 786 844 velint.
828 785 861 845 ιε
888 788 967 846 enim
995 807 1073 846 enno
1096 789 1133 849 15
1148 806 1177 864 p.
1195 788 1265 849 Chr.
1288 791 1418 868 demum,

97 888 228 963 Augusto
249 891 377 958 mortuo,
398 887 527 962 primum
548 885 654 945 oonsul
675 886 774 946 luctus
796 894 851 945 est.
888 884 948 947 Sed
970 906 1037 948 oum
1057 889 1112 946 illu
1126 890 1268 968 temporis
1284 893 1417 954 delinitio

98 988 159 1064 ipsu
179 1005 238 1046 non
260 988 349 1064 plene
370 997 451 1046 certe
472 995 502 1047 et
523 986 690 1046 indubitate
711 988 761 1058 sit,
782 1006 819 1046 eu
839 987 889 1046 hio
909 988 965 1047 niti
986 989 1065 1048 nolo.
1103 987 1163 1049 Sed
1179 991 1292 1050 uooetlit
1306 995 1417 1054 certius

97 1098 305 1163 argumentum,
326 1089 457 1165 positum
479 1088 509 1146 in
525 1087 727 1148 additamento
741 1087 822 1164 quod
836 1094 883 1148 est
897 1078 1016 1146 ὑπάτου.
1052 1089 1187 1166 Uterque
1200 1092 1322 1167 quidem
1337 1093 1417 1154 Dru·

97 1205 145 1246 sus
158 1188 314 1248 consulatu
328 1189 448 1248 sunotus
463 1199 519 1261 est,
533 1189 634 1248 iunior
648 1190 704 1248 bis.
734 1187 795 1250 Sed
809 1188 841 1246 in
855 1190 912 1247 hoo
925 1189 988 1249 filio
1002 1175 1203 1268 imperatoris,
1217 1211 1306 1267 quem
1317 1195 1416 1271 ipsum

96 1289 249 1365 aliquando
270 1291 484 1367 imperaturum
500 1290 660 1350 verisimile
681 1297 754 1363 erut,
776 1289 950 1349 consulatus
973 1307 1033 1348 non
1054 1291 1130 1350 tanti
1150 1293 1292 1351 momenti
1306 1303 1362 1367 est,
1384 1301 1418 1353 ut

97 1389 156 1448 eius
169 1390 346 1466 significatio
360 1392 475 1450 nomini
489 1391 616 1450 addatur
630 1391 662 1449 in
676 1391 876 1468 appellatione
890 1391 1058 1462 sacerdotii,
1079 1391 1159 1467 quod
1174 1393 1225 1451 din
1243 1393 1333 1452 etium
1347 1405 1418 1471 post

97 1489 168 1548 illius
193 1501 320 1551 mortem
348 1491 516 1569 duravit¹).
559 1492 625 1552 Imo
647 1501 710 1550 tum
731 1492 780 1551 vel
801 1491 931 1551 maxime
952 1483 1096 1572 Καίσαρος
1116 1491 1252 1551 additum
1273 1510 1343 1552 esse
1363 1512 1417 1551 ex·

97 1593 281 1667 spectaveris.
316 1591 382 1651 lum
402 1611 441 1651 ne
462 1593 494 1651 id
514 1591 636 1668 quidem
657 1593 796 1663 dixerim,
816 1591 848 1648 in
870 1589 973 1650 Druso
994 1593 1107 1650 maiore
1128 1591 1160 1648 id
1181 1592 1417 1652 additamentum

97 1691 164 1750 nibil
187 1693 255 1750 miri
283 1699 372 1770 utque
395 1692 512 1752 insoliti
532 1690 692 1767 hubere2).
735 1692 779 1750 At
799 1698 899 1751 tumen
919 1691 1067 1767 explicari
1088 1699 1188 1768 potest
1209 1711 1262 1750 our
1284 1693 1416 1752 additum

98 1793 141 1864 sit,
161 1795 225 1852 eum
247 1793 368 1852 Drusus
388 1793 485 1851 muior
505 1792 537 1850 in
558 1793 720 1853 consulatu
740 1801 876 1852 mortuus
897 1793 947 1863 sit,
969 1793 1012 1850 itu
1033 1799 1066 1850 ut
1086 1792 1112 1850 is
1135 1791 1327 1869 magistratus
1344 1811 1417 1868 qno·

97 1893 245 1953 dummodo
261 1912 416 1953 summum
438 1892 592 1970 festigium
614 1893 653 1953 sit
673 1911 776 1953 eorum
798 1911 874 1969 quue
896 1892 1023 1972 adeptus
1045 1899 1107 1966 est,
1134 1893 1162 1950 si
1183 1911 1244 1951 non
1264 1893 1365 1971 speeie
1385 1900 1417 1952 et

96 2002 167 2054 certe
187 2015 219 2054 re
240 1995 319 2071 ipsu.

172 2094 262 2169 Quod
285 2095 311 2154 si
332 2096 402 2153 huic
415 2091 532 2154 Neroni
547 2092 676 2155 claudio
690 2094 791 2154 Druso
808 2095 938 2172 Augusti
958 2092 1096 2172 privigno
1118 2091 1194 2151 illud
1215 2093 1416 2152 snoerdotium

96 2197 259 2268 tribuimus,
287 2195 446 2255 infeliciter
473 2196 593 2266 eccidit,
620 2196 700 2271 quod
725 2213 763 2253 ne
788 2193 832 2252 itu
857 2193 979 2269 quidem
1004 2191 1166 2252 difficultas
1192 2192 1335 2271 temporis
1363 2193 1414 2251 de·

97 2297 206 2356 liniendi
237 2314 365 2375 prorsus
396 2303 574 2356 removetur.
622 2295 703 2356 Nem
734 2295 800 2354 sine
831 2293 922 2353 dubio
952 2301 1032 2352 reete
1059 2293 1266 2352 Mommsenus
1294 2292 1416 2366 iudicet,

96 2399 224 2474 quumvis
245 2397 346 2457 dicere
366 2416 427 2457 non
447 2396 549 2469 lineet,
570 2397 636 2456 fieri
657 2396 778 2454 omuino
799 2413 860 2453 non
880 2394 1030 2470 potuisse,
1055 2401 1088 2452 ut
1108 2393 1168 2450 ium
1192 2393 1330 2468 Augusto
1351 2410 1416 2470 reg·

96 2507 177 2558 nante
200 2499 324 2559 Drusus
345 2498 475 2557 Athenis
501 2497 610 2558 (livinis
631 2496 796 2555 honoribus
818 2495 996 2567 efficeretur,
1022 2500 1123 2552 tumen
1147 2491 1179 2549 id
1206 2491 1328 2551 minime
1354 2491 1417 2552 veri

96 2600 186 2659 simile
205 2600 326 2677 essel).
369 2598 483 2660 (lontru
503 2598 637 2658 Drusum
658 2597 784 2658 summis
805 2595 971 2655 honoribus
993 2594 1104 2652 elutum
1125 2609 1195 2652 esse
1215 2587 1252 2651 eo
1273 2600 1417 2668 tempore,

95 2719 149 2776 quo
173 2702 252 2761 filius
275 2701 340 2760 eius
361 2708 433 2761 nutu
454 2681 551 2759 minor
570 2699 637 2775 ipse
657 2698 814 2775 imperium
836 2696 1003 2767 obtinebat,
1024 2693 1099 2753 sutis
1121 2701 1269 2752 constare.
1314 2689 1416 2764 Quare

96 2809 188 2860 utrum
207 2803 248 2860 ud
263 2801 395 2879 Augusti
415 2820 455 2860 sn
476 2801 515 2860 ud
529 2798 652 2860 claudii
673 2805 802 2858 aeuum
822 2796 997 2857 referendus
1019 2793 1060 2853 sit
1080 2793 1197 2866 titulus,
1218 2791 1341 2852 dubium
1356 2799 1416 2863 est;

97 2903 132 2960 erl
150 2903 302 2964 Neronem
323 2919 394 2961 vero
415 2901 521 2960 referri
542 2916 602 2958 nou
622 2905 730 2978 potest.

98 3021 296 3036 ᾑ--ο

168 3095 191 3157 ι)
218 3097 261 3148 Ne
284 3096 312 3146 iu
335 3095 440 3161 quidem
457 3093 645 3160 neglegendum
663 3099 715 3155 est,
740 3094 762 3142 si
782 3091 887 3142 omniho
907 3089 1013 3140 honoris
1032 3101 1110 3138 oenus
1126 3086 1154 3137 iu
1173 3083 1324 3135 vocobulum
1343 3083 1417 3134 eddi·

97 3195 146 3237 tum
163 3195 237 3250 esset,
258 3179 299 3244 δις
316 3173 408 3236 irrisor
426 3186 564 3236 dicendum
582 3185 670 3247 fuisse,
690 3200 749 3234 oum
767 3183 876 3232 duorum
895 3180 1073 3232 consulatuum
1091 3177 1176 3226 honor
1194 3175 1277 3225 msior
1294 3172 1328 3224 sit
1341 3187 1418 3238 quum

97 3279 173 3328 unius.
208 3279 251 3330 Its
270 3278 298 3328 in
317 3277 418 3328 duobus
435 3276 517 3326 titulis
534 3275 681 3327 honorariis
698 3274 794 3324 Atticis
811 3272 851 3323 Μ.
869 3271 988 3336 Agrippa
1004 3264 1058 3335 ιρις
1076 3253 1169 3322 ὕπατος
1187 3264 1290 3314 dieitur.

167 3367 191 3430 ³)
219 3369 342 3436 Inprimis
365 3368 408 3418 hio
432 3366 689 3418 animadvertendum
711 3371 765 3426 est,
788 3363 861 3414 ouius
883 3362 922 3411 rei
945 3375 987 3410 me
1005 3357 1057 3410 Th.
1074 3356 1253 3427 Mommsenus
1271 3363 1417 3402 commone·

97 3461 159 3522 tecit,
177 3461 233 3511 eius
251 3459 457 3510 uddrtumenu
433 3474 485 3508 nrm
504 3472 561 3508 enm
573 3457 665 3520 viden
685 3462 714 3505 ut
725 3455 827 3506 Drusus
844 3453 927 3503 muior
944 3464 962 3501 s
979 3449 1080 3500 minore
1098 3447 1267 3496 disoeruutur.
1299 3442 1338 3491 At
1355 3454 1417 3490 oon-

97 3551 172 3601 sulem
193 3558 330 3616 utrumque
353 3550 446 3611 luisse,
470 3549 644 3654 imperatorur
662 3561 724 3597 vero
742 3546 826 3596 solum
844 3544 959 3594 Drusum
978 3539 1117 3600 meiorom;
1142 3548 1222 3600 quere
1240 3517 1419 3598 αὐτοκράτορος

97 3643 171 3692 multo
194 3639 281 3708 aptius
301 3641 381 3692 fuisse
399 3656 476 3706 quum
493 3627 595 3689 ὖπᾶιου.
634 3637 711 3700 Quod
729 3635 859 3702 quomodo
877 3631 1029 3698 expediam,
1050 3627 1153 3688 neseio,
1176 3623 1227 3674 nisi
1245 3621 1331 3672 diuers
1348 3619 1418 3682 huet,

97 3721 271 3801 αὖτικρᾶτορος
293 3747 388 3784 nomen
408 3732 446 3782 rio
463 3731 533 3781 nude
550 3730 601 3780 soll
618 3727 717 3779 nomini
735 3727 884 3777 adiunctum
901 3722 979 3774 fueile
998 3735 1030 3770 eu
1048 3716 1176 3768 sententis
1193 3712 1276 3777 eooipi
1293 3709 1417 3776 potuisse,
1448 3723 1450 3732 ’

98 3839 146 3888 qus
162 3826 305 3890 prinoipem
323 3825 407 3888 ipsum
426 3822 560 3887 significet,
580 3834 661 3885 esque
680 3819 713 3868 de
731 3817 928 3868 ouusuritetum
945 3825 1010 3861 esse.
1040 3810 1130 3872 Longe
1148 3804 1223 3855 aliter
1240 3816 1283 3853 res
1301 3799 1419 3852 sehsbet
1478 3831 1481 3840 .

98 3915 122 3965 in
143 3917 223 3970 titulis
247 3914 392 3966 honorariis
416 3913 525 3974 (volnt
518 3927 545 3962 ιιι
569 3911 735 3970 moctensi,
762 3920 847 3972 equo
866 3904 1032 3956 huuototum
1051 3895 1292 3950 oommeutetionem
1311 3875 1418 3942 exorsus

98 4008 159 4069 sum)
181 4009 227 4059 ubl
254 4013 280 4058 et
301 4005 408 4056 nomiuu
430 4010 457 4053 et
479 4002 608 4054 honorum
632 4000 791 4065 singulorum
816 3993 941 4047 rooebulu
963 3992 1040 4058 plene
1063 3994 1141 4054 etque
1165 3985 1284 4036 distinete
1308 3979 1417 4046 perseri-

99 4096 195 4251 buum⁸1).
223 4187 344 4240 Tiberius
366 4186 447 4238 freter
464 4184 519 4234 eius
537 4183 589 4234 tum
608 4188 744 4247 uutequum
763 4178 796 4229 sb
815 4174 934 4240 Augusto
952 4171 1120 4240 adoptaretur
1137 4163 1310 4218 secerdotium
1327 4157 1417 4210 habult

98 4277 180 4342 Nysus
197 4280 226 4331 in
246 4279 324 4332 Curis
341 4277 419 4339 (c.1.
433 4274 480 4329 Gr.
494 4273 585 4334 2943).

1043 4375 1092 4436 W.
1115 4373 1373 4434 Durrnunsnoss.
