3610 5956
504 641 802 696 oesnevnnronus
820 643 939 694 neree.
959 642 998 693 u.
1369 625 1415 698 59

86 834 143 891 que
165 813 298 874 affinitas
319 814 439 872 diverso
461 821 537 873 teste
558 813 671 872 nitetur
691 832 787 889 eoque
803 813 957 889 singulari,
980 814 1080 872 veleb
1096 833 1163 872 eam
1178 833 1300 874 causam
1316 836 1418 876 veren·

87 916 156 975 dum
178 925 236 988 est,
258 934 296 973 ne
316 915 392 973 alter
414 923 479 972 uter
502 915 654 974 erraverit.
696 914 816 973 Deinde
837 914 1022 992 Apotheosis
1044 924 1149 974 auctor
1170 935 1237 974 cum
1259 917 1303 976 eic
1325 919 1418 995 scrip-

88 1017 171 1076 serit:
200 1012 452 1092 ‘quandoquidem
478 1015 565 1075 divus
593 1014 738 1074 Claudius
765 1015 874 1074 occidit
902 1033 1038 1074 socerum
1067 1034 1156 1074 suurn
1184 1019 1242 1092 Ap.
1272 1017 1419 1094 Silanum,

88 1134 213 1195 generos
248 1116 325 1176 dnos
358 1118 502 1194 Magnum
534 1117 710 1192 Pompeium
743 1126 773 1175 et
804 1114 841 1174 L.
875 1114 1033 1189 Silanum,
1066 1134 1201 1176 socerum
1233 1118 1314 1178 filine
1347 1138 1421 1180 enee

89 1217 233 1278 Crassum
254 1213 362 1294 Frugi'
383 1226 414 1276 et
434 1219 479 1277 sic
499 1217 653 1293 deinceps,
680 1218 706 1276 si
728 1217 786 1275 tuit
807 1217 919 1293 duplex
940 1218 995 1275 illa
1016 1217 1159 1291 affinitas,
1188 1219 1296 1278 addere
1318 1220 1421 1280 debuit

89 1319 125 1378 ed
153 1319 299 1378 invidiam
327 1317 493 1396 augendam
520 1315 665 1378 ‘socerum
693 1327 723 1376 et
749 1335 942 1377 consocerum
972 1315 1076 1378 suum’.
1120 1319 1186 1396 Ego
1215 1322 1332 1380 etiamsi
1360 1323 1422 1380 elie

89 1419 170 1479 nulls
196 1419 310 1479 indicia
335 1418 523 1488 accederent,
551 1420 601 1479 vel
626 1421 674 1478 his
700 1419 776 1478 locis
803 1420 880 1477 inter
906 1438 939 1478 se
968 1421 1142 1496 compositis
1169 1432 1237 1480 non'
1251 1423 1420 1482 dubitarem

90 1528 141 1580 ant
165 1520 307 1580 librarios
330 1518 466 1580 Suetonii
492 1520 604 1580 erroris
630 1539 756 1598 arguere
781 1530 834 1580 aut
858 1520 957 1596 ipsum
980 1519 1168 1594 Suetonium3
1195 1541 1264 1582 nam
1286 1525 1422 1600 aequalis

91 1621 274 1700 Apotheosis
299 1631 403 1680 auctor
426 1623 458 1679 in
479 1622 533 1680 teli
553 1641 587 1680 re
608 1640 709 1680 errare
730 1615 790 1680 non
811 1622 918 1699 potuit.
961 1621 1044 1682 Fieri
1064 1633 1177 1700 potest,
1204 1631 1237 1682 ut
1258 1622 1421 1685 Suetonius

90 1740 154 1781 cum
179 1721 210 1780 in
232 1722 302 1800 ipsa
321 1723 488 1797 Apotheosi
511 1723 640 1782 similive
662 1721 774 1800 scripto
795 1722 928 1800 Appium
951 1741 1086 1782 socerum
1108 1724 1297 1802 imperatoris
1319 1726 1423 1803 appel·

91 1822 145 1880 leri
164 1821 300 1896 vidisset,
321 1823 399 1882 inter
420 1831 520 1899 patres
542 1832 641 1883 sutem
662 1843 789 1883 uxorum
805 1821 924 1883 Claudii
946 1826 974 1883 ei
995 1826 1095 1884 locum
1117 1826 1231 1885 nullum
1254 1845 1321 1886 esse
1342 1837 1423 1886 recte

92 1923 299 1998 intellexisset,
322 1943 516 1984 consocerum
540 1944 594 2002 pro
615 1943 718 1984 socero
740 1924 928 1984 substituerit
949 1935 1065 2000 patrem
1079 1947 1145 1985 eum
1161 1933 1305 2003 reputans
1321 1927 1422 2004 generi

94 2022 210 2084 Claudii
232 2025 272 2084 1..
295 2024 405 2097 Sileni,
435 2027 489 2085 sed
518 2027 582 2086 eive
603 2026 714 2085 iteres
737 2026 921 2085 evenitsire
941 2027 1084 2086 librarius
1105 2029 1252 2104 peccavit,
1282 2045 1421 2087 consoce-

94 2145 155 2184 rum
176 2125 299 2186 Claudii
323 2127 455 2204 Appium
477 2127 570 2186 fuisse
592 2144 679 2203 nego.

175 2227 201 2286 2.
247 2229 383 2305 Appium
410 2229 506 2287 virhm
533 2237 563 2286 et
587 2229 753 2304 gratiosum
781 2235 811 2286 et
835 2228 1056 2286 nobilissimum
1084 2227 1163 2304 (Dio
1185 2228 1240 2300 60,
1260 2228 1316 2303 14)
1342 2229 1424 2289 iusto

94 2335 221 2404 tempore
243 2328 285 2387 ad
305 2329 495 2388 consulatum
516 2329 691 2404 pervenisse
712 2327 842 2387 dubitari
862 2347 921 2388 non
942 2336 1056 2405 potcst;
1078 2347 1206 2404 eumque
1225 2348 1292 2388 cum
1308 2330 1424 2389 occide-

96 2437 172 2486 retur
193 2447 221 2488 s.
237 2449 270 2506 p.
286 2427 357 2489 Chr.
374 2429 412 2488 42
435 2429 541 2489 florida
561 2431 716 2488 etiamtum
737 2439 837 2488 aetate
852 2429 947 2488 tuisse
962 2429 1010 2488 vel
1025 2449 1064 2488 ex
1079 2430 1116 2489 iis
1132 2430 1326 2506 intellegitur,
1347 2449 1424 2506 quse

96 2527 240 2588 decausis
255 2531 442 2590 reineccius
458 2551 555 2590 rerum
571 2531 732 2606 scriptores
747 2531 932 2590 tradiderunt
954 2529 1029 2604 (Dio
1045 2529 1095 2602 60,
1113 2531 1174 2606 14).
1212 2529 1314 2604 Quare
1328 2532 1423 2592 credi·

97 2629 151 2688 bile
172 2648 229 2689 non
252 2639 302 2690 est
327 2651 395 2690 eum
416 2642 518 2691 natum
541 2651 609 2690 esse
631 2640 700 2690 ante
722 2651 831 2690 annum
852 2651 935 2704 eum,
961 2649 1051 2706 quem
1073 2631 1155 2707 leges
1177 2631 1301 2691 annales
1322 2633 1423 2709 requi·

97 2739 162 2789 runt
185 2731 216 2790 in
243 2732 370 2791 consule
392 2752 418 2790 e.
434 2753 462 2792 u.
483 2752 510 2791 c.
526 2733 583 2793 781
603 2759 640 2784 =
657 2752 686 2809 p.
703 2731 774 2791 Chr.
791 2731 840 2804 28,
867 2749 978 2790 anuum
997 2751 1025 2790 u.
1042 2751 1066 2790 c
1083 2731 1157 2804 7483
1185 2733 1229 2791 ita
1250 2733 1329 2792 enim
1350 2734 1424 2793 obiit

97 2847 186 2891 annos
206 2843 299 2892 natus
312 2832 443 2893 XLVII.
482 2834 581 2893 Etiam
602 2833 787 2912 probabilius
810 2833 927 2908 aliquot
947 2833 1033 2891 annis
1054 2841 1125 2910 post
1146 2843 1234 2892 nutus
1256 2835 1424 2907 habebitur,

98 2948 160 2990 cum
186 2934 336 2994 eiusmodi
358 2935 404 2993 vir
426 2935 516 2993 facile
540 2945 609 2993 ante
634 2935 742 2994 iustam
769 2943 897 2993 aetetem
924 2934 1080 2993 duodecim
1103 2935 1238 2994 fascibus
1259 2937 1349 3012 potiri
1370 2956 1423 3012 po·

98 3035 189 3093 tuerit.
225 3033 289 3096 Sed
311 3035 351 3094 sit
371 3045 459 3095 natus
481 3035 548 3111 ipso
570 3054 649 3094 anno
665 3036 738 3096 748:
761 3037 805 3095 ita
826 3036 852 3094 si
872 3036 932 3094 fuit
952 3045 1037 3111 pater
1052 3035 1093 3094 Μ.
1109 3034 1206 3096 Silani
1227 3038 1289 3094 nati
1311 3056 1338 3095 a.
1352 3037 1424 3108 767,

98 3131 183 3194 tilium
204 3137 343 3213 gennerit
364 3155 484 3197 necesse
506 3143 552 3196 est
572 3155 667 3196 annos
688 3147 775 3196 natus
797 3137 928 3196 nondum
949 3137 1066 3214 viginti,
1093 3145 1171 3196 certe
1193 3157 1297 3228 perum
1318 3138 1425 3215 proba-

100 3234 201 3295 biliter.

175 3339 204 3398 3.
246 3341 308 3414 Ap.
324 3336 447 3398 Silanus
468 3339 495 3397 ie
517 3339 554 3397 de
575 3356 636 3414 quo
658 3341 775 3416 agimus
797 3359 863 3398 cum
884 3341 943 3398 duo
965 3337 1162 3416 praenomina
1180 3337 1317 3396 habuerit
1331 3337 1425 3414 Appii

99 3447 126 3494 et
141 3435 198 3498 Cei
219 3439 296 3515 (Dio
314 3440 363 3511 60,
381 3440 434 3512 143
456 3439 577 3499 Reines.
596 3440 644 3513 19,
663 3440 699 3498 13
712 3441 755 3517 ¹);
778 3440 926 3518 Borghesi
946 3440 966 3497 l.
983 3459 1008 3498 c.
1031 3459 1060 3515 p.
1079 3437 1162 3514 186),
1184 3447 1321 3496 neutrum
1343 3455 1425 3496 com-

99 3551 177 3614 peret
193 3540 273 3602 inter
285 3542 484 3618 praenomina
498 3539 669 3601 Silanorum
683 3543 865 3617 abnepotum
879 3542 1120 3618 adnepotumque
1134 3539 1277 3617 Augusti,
1298 3557 1425 3615 quorum

100 3649 167 3700 natu
186 3643 351 3702 maximum
374 3642 484 3701 dictum
507 3661 575 3702 esse
597 3643 730 3702 Marcum
752 3660 845 3720 supra
864 3641 1010 3712 vidimus,
1037 3640 1115 3700 alios
1143 3640 1220 3700 inire
1241 3641 1425 3717 reperiemus

100 3745 214 3801 nomina
234 3745 379 3802 hebentes
400 3743 488 3802 Lucii
509 3753 539 3802 et
558 3743 686 3802 Decimi.
724 3741 785 3817 Qui
806 3743 890 3802 novit
910 3741 1154 3801 consuetudinem
1176 3739 1344 3800 Romanam
1365 3759 1426 3799 non

101 3843 214 3919 negsbit
232 3844 264 3904 id
285 3846 336 3904 vel
357 3845 456 3904 solum
478 3844 614 3904 sulficere
637 3845 674 3902 ad
696 3843 866 3922 opinionem
888 3851 1038 3919 receptam
1060 3842 1296 3920 convellendam.

178 3947 208 4004 4.
250 3945 386 4006 Titulum
408 3946 554 4005 urbanum
575 3945 665 4003 hodie
687 3944 867 4004 custoditum
890 3944 922 4003 in
944 3962 1046 4004 museo
1058 3942 1225 4001 Veronensi
1239 3942 1332 4000 hunc:
1356 3941 1428 4002 Suri

102 4041 225 4120 Lepidae
246 4047 290 4106 M.
313 4046 430 4117 Silani3
452 4046 543 4106 locunt
564 4055 592 4104 et
611 4047 687 4104 elide
707 4046 781 4104 duaa
803 4049 911 4122 accepit
932 4045 968 4102 ab
989 4044 1106 4104 Seleuco
1120 4041 1252 4120 Lepidae
1267 4043 1310 4101 M.
1328 4040 1428 4101 Silani

103 4143 187 4218 (Mur.
210 4147 308 4218 1750,
329 4149 362 4218 6;
389 4147 538 4225 Borghesi
562 4147 583 4206 l.
601 4166 626 4206 c.
654 4167 683 4223 p.
701 4145 776 4222 213)
802 4148 855 4221 qui
881 4145 1043 4204 defendunt
1068 4145 1239 4220 opinionem
1265 4151 1427 4218 receptam,

103 4257 206 4321 negant
225 4249 375 4325 pertinere
396 4248 434 4306 ad
454 4247 602 4324 Lepidam
623 4257 797 4325 proneptem
820 4248 967 4324 Augusti,
992 4246 1081 4305 iidem
1103 4245 1235 4304 confessi
1254 4243 1346 4302 aliam
1366 4242 1428 4302 Le·

103 4345 196 4420 pidem
221 4349 337 4408 nullam
363 4349 503 4425 reperiri,
530 4367 621 4426 quam
648 4356 767 4407 constet
790 4348 930 4424 nupsisse
952 4347 1065 4408 Sileno.
1107 4346 1174 4404 Iam
1194 4351 1356 4421 postquam
1377 4343 1429 4403 de·

103 4450 330 4510 monstravimus
352 4452 506 4528 proneptis
527 4451 592 4510 eius
613 4451 753 4510 meritum
768 4447 903 4508 Silanum
924 4466 984 4508 non
1005 4448 1100 4506 luisse
1116 4446 1259 4521 Appium,
1280 4444 1356 4503 nihil
1373 4444 1428 4502 ob-

105 4555 174 4620 stst,
200 4553 364 4626 quominus
385 4551 417 4610 in
437 4551 526 4611 titulo
548 4552 605 4611 hoc
631 4550 799 4610 nominetur
823 4551 892 4626 ipss
915 4549 969 4607 illa
988 4547 1118 4626 Lepidm
1143 4547 1235 4605 immo
1257 4563 1325 4604 cum
1346 4545 1427 4604 iilius

105 4701 304 4717 ...ψ-

176 4805 199 4870 ι)
227 4809 344 4861 Titulum
357 4811 419 4864 Sex.
433 4810 531 4862 Titiani
545 4811 640 4872 Erotis,
660 4811 731 4861 cuius
747 4809 797 4860 huc
810 4810 939 4874 pertinent
951 4808 1030 4858 verbs
1043 4805 1427 4865 c·1VN1vs·At³-c·t·s!tt0,

106 4906 227 4949 serratum
244 4899 325 4951 hodie
343 4903 371 4952 in
390 4917 477 4952 museo
497 4901 654 4964 oxoniensi,
680 4902 794 4966 inspexit
812 4901 847 4950 ibi
867 4900 1018 4950 Hnebnerus
1036 4897 1223 4962 lectionemque
1242 4895 1427 4960 comprobarit.

106 4971 274 5042 Nihilominus
293 5007 414 5058 rogemus
431 4995 475 5059 qui
494 4993 585 5044 studiis
603 4993 644 5043 his
662 4993 749 5043 favent
768 4993 857 5042 doctos
875 4991 1014 5041 Britannos
1032 4989 1117 5039 denuo
1136 4987 1250 5053 lapidem
1269 4987 1427 5047 examinent,

107 5091 163 5129 num
186 5089 260 5132 extre
284 5097 361 5135 omne
384 5085 490 5136 dubium
515 5087 549 5135 sit
573 5099 729 5150 praenomen
746 5083 850 5148 patroni
869 5083 979 5147 duplex3
1003 5095 1063 5131 nam
1083 5079 1241 5144 singulorum
1260 5083 1428 5142 patronorum

107 5167 200 5234 tinguis
217 5180 319 5224 tanturn
336 5177 506 5241 prsenomins
522 5175 638 5226 libertini
655 5190 752 5240 ponere
770 5175 867 5236 solent,
887 5188 935 5224 nec
953 5173 1058 5224 memini
1077 5171 1140 5222 alibi
1159 5185 1199 5220 me
1217 5169 1310 5234 legisse
1327 5167 1355 5217 ln
1373 5165 1428 5216 elus

107 5264 201 5324 senens
218 5263 353 5318 hominum
371 5268 452 5318 titulis
470 5281 627 5332 praenomen
645 5268 721 5318 unius
739 5265 843 5332 patroni
862 5265 967 5331 duplex.
