3546 5950
575 640 624 691 55
644 641 791 693 5555155
810 642 966 695 555555.
1362 633 1432 705 113

106 810 258 870 honorarii
279 809 483 878 Romanorum
511 809 551 868 ad
577 808 713 869 homines
742 814 885 872 senatorii
912 815 1027 875 ordinis
1053 825 1189 893 spectant
1215 820 1435 898 inprimiaeos,
1481 879 1488 892 ,

106 902 160 988 551Ι
176 911 347 988 5555155155
369 911 654 970 administraverint.
698 909 813 971 Contra
834 933 911 990 quae
934 915 1048 977 Seneca
1069 937 1115 995 ep.
1132 919 1182 993 95,
1197 920 1236 978 41
1259 922 1296 981 de
1316 923 1353 984 P.
1374 925 1435 986 Oc·

105 1013 185 1071 15515
207 1019 324 1084 namot,
345 1013 384 1071 ab
407 1031 442 1071 ec
464 1012 607 1083 mullum,
630 1030 719 1088 quem
741 1013 883 1074 Tiberius
906 1014 1071 1078 05555515
1094 1022 1252 1081 macellum
1274 1024 1383 1084 deferri
1405 1037 1435 1087 ct

105 1114 205 1174 555155
225 1114 383 1186 155515551,
404 1113 518 1190 ingenti
539 1114 636 1190 pretio
657 1121 769 1174 emtum
791 1133 868 1189 esse,
891 1117 980 1177 etiam
1002 1120 1041 1177 ud
1062 1121 1147 1180 illum
1168 1125 1351 1197 praefectum
1372 1129 1433 1186 Ae-

104 1215 185 1292 gypti
211 1215 317 1273 551551
345 1221 485 1290 possunt,
512 1215 690 1290 praesertim
716 1233 784 1275 cum
811 1218 958 1277 eiusmodi
983 1220 1107 1281 luxuria
1132 1223 1317 1300 frequentior
1342 1229 1432 1288 etiam

103 1317 132 1372 iu
156 1315 265 1374 ordine
289 1316 422 1393 equestri
448 1333 540 1392 quam
566 1317 596 1375 iu
623 1319 776 1376 senatorio
801 1319 897 1378 fuisse
922 1319 1068 1381 rideatur.
1113 1320 1189 1383 055
1211 1345 1283 1385 5555
1308 1337 1432 1405 5155555

103 1415 136 1474 P.
153 1415 301 1476 05155155
322 1417 403 1476 idem
424 1435 491 1476 esse
513 1436 573 1476 uon
594 1419 700 1495 possit,
721 1419 797 1477 nibil
818 1421 950 1497 impedit,
972 1423 1131 1498 quominus
1148 1425 1232 1485 illum
1248 1429 1430 1502 praelectum

103 1517 189 1576 buius
208 1517 402 1595 proconsulis
423 1528 539 1594 patrem
560 1518 655 1578 fuisse
675 1527 823 1598 putemus.
868 1521 1052 1597 Temporum
1073 1525 1203 1585 rationes
1224 1529 1294 1587 huic
1316 1532 1432 1590 coniec-

104 1626 184 1677 turae
210 1618 332 1692 fuvent;
358 1629 515 1696 praeterea
539 1620 646 1680 titulus
673 1621 794 1679 Atticus
820 1621 1005 1682 demonstrat
1029 1624 1131 1683 Publii
1158 1625 1279 1687 Octavii
1304 1650 1432 1706 procon-

104 1718 176 1778 sulis
196 1727 315 1798 patrem
337 1721 407 1778 item
429 1719 571 1780 Publium
592 1721 701 1795 fuisse,
723 1722 807 1782 cuius
829 1724 872 1781 rei
894 1741 930 1783 eo
952 1725 1048 1785 maius
1068 1737 1250 1788 momentum
1272 1739 1327 1802 cst,
1350 1733 1431 1807 quod

104 1819 157 1878 hoc
186 1839 371 1896 praenomen
399 1831 554 1899 praeterea
579 1823 611 1880 in
639 1822 697 1881 bac
724 1831 814 1901 gente
841 1824 962 1883 omnino
989 1844 1051 1884 555
1078 1828 1237 1889 155551155.
1292 1830 1432 1910 Denique

102 1920 187 1980 etism
210 1921 295 1982 aliud
317 1922 356 1981 ad
376 1923 454 1981 hauc
474 1923 673 1982 coniecturam
696 1924 927 1985 confirmandam
946 1927 1049 1985 valere
1069 1935 1157 2004 puto:
1181 1929 1295 1990 Omnes
1318 1933 1433 1993 scilicet

104 2019 237 2097 0515511,
267 2027 318 2102 551
340 2027 452 2086 liberae
473 2024 656 2101 reipublicae
678 2033 812 2103 tempore
832 2026 870 2084 ad
892 2027 1086 2103 magistratus
1108 2030 1237 2089 maiores
1258 2050 1431 2107 pervenere,

103 2141 138 2182 ex
160 2123 215 2184 05.
242 2125 363 2186 0515511
384 2126 469 2199 Rufi,
491 2126 661 2202 quaestoris
683 2125 980 2200 555513050155,
1001 2129 1143 2204 progenie
1165 2137 1234 2189 suut
1254 2130 1432 2207 (Drumauu

102 2222 504 2304 Η1511155.Ι115.118).
548 2227 650 2303 Atque
675 2228 799 2285 maioris
825 2226 944 2304 quidem
966 2227 1035 2300 filii,
1063 2226 1118 2288 On.
1142 2229 1431 2308 0515511555515515

104 2324 160 2384 105
174 2347 200 2386 5.
217 2326 293 2387 Chr.
316 2330 445 2405 posteri,
467 2327 521 2403 qui
540 2327 579 2385 ad
602 2345 734 2386 summos
756 2327 788 2384 in
808 2328 962 2405 republica
982 2330 1112 2388 honores
1133 2341 1347 2408 pervenerunt,
1369 2353 1432 2394 om·

102 2445 152 2486 nes
174 2438 228 2486 551
256 2427 350 2488 Gnaei
369 2439 422 2487 aut
442 2428 544 2487 Murci
563 2445 745 2505 praenomen
766 2438 937 2504 gesseruut,
964 2437 1084 2505 praeter
1105 2449 1196 2491 unum
1218 2431 1340 2492 Luciam
1361 2453 1432 2495 con·

102 2528 194 2588 sulem
216 2529 259 2588 75
276 2549 303 2589 5.
319 2527 389 2589 Chr.
432 2529 560 2588 Minoris
581 2528 637 2588 11111
658 2526 694 2588 O.
713 2528 832 2589 Octavii
853 2531 1011 2606 progenies
1032 2530 1064 2589 15
1085 2532 1189 2591 ordine
1211 2536 1343 2610 equestri
1364 2554 1433 2612 per·

104 2631 207 2689 mansit
228 2649 326 2708 usque
347 2631 386 2690 ad
401 2628 435 2690 0.
452 2627 613 2690 05155155
632 2637 802 2706 praetorem
818 2629 854 2689 61
872 2648 900 2689 a.
918 2629 1000 2706 Chr,
1022 2633 1154 2708 Augusti
1168 2643 1300 2710 patrem3
1321 2637 1432 2712 quibus

104 2733 240 2792 omnibus
268 2749 453 2809 praenomen
477 2729 570 2791 Gaius
598 2749 753 2790 commune
781 2739 836 2790 est.
879 2732 985 2808 Itaque
1007 2733 1037 2791 15
1058 2733 1115 2792 bac
1136 2735 1260 2810 antiqua
1279 2737 1434 2815 nobilique

102 2833 196 2906 gentis
219 2833 368 2894 Octaviae
394 2833 489 2909 stirpe
515 2831 632 2890 nullum
658 2831 716 2890 fuit
739 2851 922 2910 praenomen
951 2833 1009 2891 nisi
1033 2832 1149 2894 Gnaeus
1171 2835 1311 2912 (sexies),
1340 2836 1433 2899 Gaius

103 2929 249 3010 (quater),
272 2933 394 2993 Murem
417 2932 490 3010 (ter)
511 2939 543 2992 et
564 2933 657 2991 semel
679 2931 800 2992 Lucius.
843 2930 959 2992 Contra
979 2935 1067 3010 pauci
1087 2935 1132 2994 1111
1154 2935 1286 3009 Octauii,
1307 2939 1358 3015 qui
1380 2939 1434 2997 im·

104 3043 271 3108 paratorum
298 3042 396 3094 aetate
423 3034 554 3094 honores
581 3033 681 3111 adepti
710 3043 796 3105 sunt,
829 3034 891 3092 alia
917 3037 1113 3111 praenomina
1140 3036 1259 3097 habent.
1308 3038 1434 3098 Praeter

103 3133 233 3196 1151115155
267 3142 427 3213 utrumque
454 3135 503 3194 bic
529 3135 561 3192 iu
590 3151 712 3194 censum
739 3135 822 3192 veuit
852 3134 976 3205 Quintus
1005 3135 1149 3196 Octavius
1179 3135 1299 3216 Sagitta
1324 3148 1362 3198 tr.
1390 3141 1433 3217 pl.

104 3234 141 3294 58
159 3253 189 3312 p.
205 3235 295 3310 Gbr.;
321 3255 410 3313 quem
431 3235 557 3294 Tacitus
583 3235 702 3313 quidem
726 3234 819 3311 (Anu.
840 3236 927 3307 Xlll,
943 3236 993 3294 44.
1015 3236 1095 3295 Hist.
1110 3236 1167 3311 IV,
1183 3238 1238 3314 44)
1260 3239 1326 3298 siue
1347 3256 1433 3314 prae-

103 3337 218 3396 nomine
240 3338 386 3412 nominat,
407 3337 483 3402 illud
504 3343 604 3412 autem
625 3353 807 3412 praenomen
828 3337 918 3395 estin
933 3336 1020 3394 111515
1042 3337 1181 3412 (Heuzeu
1196 3338 1323 3415 51175),
1344 3357 1433 3414 5555

103 3435 305 3515 Nipperdeius
327 3438 365 3496 ad
388 3435 575 3498 5555155555
597 3432 743 3512 all'ert1).¹
775 3434 951 3496 Ceterorum
966 3436 1161 3496 Octaviorum
1183 3441 1236 3514 qui
1257 3438 1314 3496 hac
1335 3445 1432 3498 551515

104 3536 219 3598 luerunt
240 3539 386 3598 senatorii
407 3539 531 3610 ordinis,
552 3538 748 3615 praenomina
769 3546 841 3596 5515
858 3555 920 3597 555
935 3536 1044 3615 55511)
1066 3538 1218 3615 (Octauiae
1233 3539 1343 3598 Fronto
1358 3538 1432 3598 Tac.

104 3657 168 3698 555.
183 3639 227 3714 11,
242 3641 295 3700 33.
321 3639 458 3700 Octavius
479 3639 582 3699 Avitus
604 3639 684 3698 Pliu.
707 3638 794 3717 epist.
811 3639 840 3711 9,
857 3638 907 3711 33,
923 3638 966 3714 9).
1011 3638 1097 3713 Quae
1117 3658 1183 3699 cum
1204 3640 1249 3698 ita
1269 3639 1340 3712 sint,
1361 3658 1433 3699 num

104 3740 188 3801 nimis
210 3741 315 3800 audax
337 3743 409 3814 sim,
435 3741 461 3800 si
483 3739 552 3799 inde
573 3739 713 3817 colligam
735 3741 888 3816 antiquam
908 3739 992 3798 illam
1013 3750 1103 3817 atque
1125 3741 1255 3799 nobilem
1277 3741 1432 3812 familiam,

105 3858 178 3916 quae
203 3842 319 3901 liberae
343 3841 526 3919 reipublicae
555 3850 688 3919 tempore
714 3842 831 3915 floruit,
857 3859 984 3919 prorsus
1013 3842 1192 3901 exstinctam
1219 3859 1302 3914 esse,
1329 3843 1373 3900 ita
1400 3850 1434 3900 ut

104 3949 219 4018 praeter
246 3940 467 4003 (1055555
493 3943 546 4020 qui
572 3940 734 4020 adoptione
759 3942 791 4001 in
818 3951 935 4020 gentem
962 3941 1070 4001 Iuliam
1095 3943 1217 4003 transiit
1242 3945 1433 4023 Augustique

104 4051 205 4118 postea
230 4062 341 4103 55555
366 4043 493 4122 adeptus
521 4053 581 4115 est,
607 4043 731 4102 ultimus
753 4043 841 4102 huius
864 4043 967 4119 stirpis
988 4042 1080 4102 fuerit
1099 4044 1140 4102 M.
1165 4043 1310 4104 05155155
1333 4042 1388 4103 Cn.
1410 4045 1431 4102 f.

104 4143 142 4202 11
163 4165 210 4216 5.,
237 4144 304 4204 aed.
326 4163 387 4204 cur.
416 4162 495 4203 anuo
515 4143 555 4204 50
574 4161 601 4202 a.
618 4142 706 4216 Cha,
731 4145 782 4219 qui
807 4162 887 4203 5555
908 4144 944 4202 31
968 4163 994 4202 5.
1012 4141 1082 4204 Chr.
1110 4146 1191 4224 apud
1211 4146 1333 4204 Aetium
1353 4146 1433 4221 parti

103 4245 209 4304 classis
231 4246 359 4305 Antonii
385 4245 517 4324 praefuit
541 4243 719 4320 (Drumauu
740 4244 760 4302 l.
779 4245 801 4302 1.
822 4265 852 4322 p.
869 4243 953 4321 216).
996 4244 1060 4303 Eos
1084 4245 1175 4320 igitur
1196 4243 1354 4316 Octavios,
1379 4245 1432 4320 551

104 4346 315 4422 imperatorum
342 4355 441 4406 aetate
466 4347 596 4405 bonores
623 4344 723 4422 adepti
745 4354 829 4418 5551,
854 4351 917 4405 155
939 4345 1058 4405 demum
1080 4363 1119 4402 ex
1138 4344 1331 4403 inferioribus
1352 4344 1432 4403 ordi·

104 4447 189 4506 nibus
211 4447 244 4506 in
268 4448 451 4506 senatorium
473 4447 607 4507 ordinem
628 4445 801 4506 escendisse
823 4453 1054 4506 cousentaneum
1075 4452 1130 4504 est.
1167 4444 1235 4518 Quo
1256 4444 1356 4502 minus
1376 4445 1432 4503 mi·

104 4567 166 4607 rum
188 4557 251 4620 est,
280 4547 317 4607 P.
340 4547 500 4608 Octavium
522 4547 731 4629 proconsulem
753 4548 861 4623 equitis
882 4546 1012 4606 Romani
1033 4546 1127 4605 lilium
1149 4561 1233 4620 5555,
1254 4546 1432 4622 praesertim

180 4810 204 4873 ¹)
234 4811 340 4863 Cartarm
359 4827 422 4864 sane
440 4829 493 4864 non
511 4821 559 4876 551,
579 4821 662 4864 auum
675 4813 720 4864 ille
732 4813 854 4864 Octavius
867 4811 976 4876 Sagitta,
996 4811 1040 4877 qui
1052 4812 1081 4860 iu
1093 4811 1166 4861 titulo
1179 4819 1226 4874 551,
1246 4811 1315 4860 ldem
1328 4809 1362 4860 sit
1375 4824 1432 4859 cum

106 4903 208 4954 tribuno
226 4903 312 4968 plebls
330 4919 378 4955 555
396 4919 438 4955 55.
470 4905 523 4958 Sed
542 4911 571 4955 51
589 4921 641 4956 non
661 4906 695 4955 sit
713 4905 790 4967 idem,
810 4911 897 4954 15555
916 4905 942 4954 15
961 4917 993 4954 55
1010 4903 1110 4953 familia
1121 4903 1204 4966 gentis
1216 4901 1349 4963 05155155,
1369 4915 1434 4966 quse

107 4994 220 5060 Sagittae
240 5009 385 5060 cognomen
402 4996 515 5061 gerebat,
535 4996 600 5052 illud
618 5009 783 5061 praenomen,
804 5010 820 5046 5
837 4996 965 5046 veteribus
978 4994 1091 5046 05155115
1110 4993 1231 5056 alienum,
1250 4991 1330 5044 151555
1349 5005 1382 5042 ex
1402 5006 1433 5041 eo

107 5085 180 5135 titulo
199 5095 321 5151 apparet;
342 5087 412 5152 quod
430 5087 526 5138 sufficit
545 5087 624 5138 adid
643 5086 712 5152 quod
730 5087 791 5136 5515
809 5086 979 5150 probandum.

181 5173 207 5239 ²)
236 5177 270 5227 In
288 5177 436 5229 bominibus
454 5177 606 5230 inferiorum
624 5178 745 5228 ordinum
764 5178 842 5229 etiam
860 5179 912 5230 5115
923 5178 1092 5244 praenomina
1103 5176 1275 5236 inveniuntur,
1293 5167 1433 5223 55151115-

106 5267 164 5318 nius
181 5275 208 5319 et
229 5265 348 5321 Decimus
366 5268 412 5334 (il,
433 5269 486 5322 ind.
506 5287 527 5322 5.
546 5286 571 5321 5.
591 5267 730 5330 05155155).

1190 5353 1209 5412 8
