3578 5962
600 605 650 658 nn
676 605 820 660 nunvms
846 605 1003 659 sunnone.
1390 587 1462 662 253

42 777 45 782 “
133 779 241 839 literae
262 783 288 836 Ω
314 795 383 840 esse
403 787 517 856 potest,
543 799 641 858 neque
669 782 799 860 spatium
828 780 948 840 sufficit.
975 813 1018 824 -
1044 777 1145 854 Quum
1168 781 1298 842 honores
1320 783 1352 843 in
1374 783 1464 844 titulo

132 881 237 941 Attico
265 881 386 959 (contra
416 887 507 960 atque
538 884 570 942 in
599 883 774 959 Tiburtino)
790 884 850 942 ita
875 882 1033 962 perscripti
1058 883 1134 956 sint,
1165 891 1200 943 nt
1225 903 1244 944 a
1272 885 1396 945 minimo
1424 886 1463 946 ad

134 983 270 1044 maiores
293 983 484 1055 ascendatur,
515 1002 613 1062 neque
638 994 762 1063 propter
792 985 904 1062 lapidis
931 985 1148 1046 mutilationem
1172 986 1330 1046 diiudicari
1354 989 1465 1066 possit,

133 1103 225 1163 quam
246 1086 342 1145 multa
361 1085 451 1146 etiam
470 1095 542 1163 post
560 1087 741 1164 legationem
755 1087 930 1147 Africanam
951 1087 1065 1165 scripta
1085 1088 1205 1160 suerint,
1227 1087 1349 1149 dubium
1371 1090 1465 1151 videri

133 1187 247 1265 possit,
274 1193 375 1247 utrum
400 1205 504 1249 omnes
529 1190 660 1250 honores
682 1190 811 1250 maiores
832 1191 892 1248 iam
913 1190 946 1252 in
966 1190 1025 1250 hoe
1046 1189 1134 1249 titulo
1156 1187 1321 1250 enumerati
1342 1193 1463 1264 fuerint,
1515 1271 1516 1274 Ἴ

134 1307 175 1348 an
201 1289 229 1348 is
256 1287 417 1349 Tiburtino
441 1290 496 1350 illo
522 1290 678 1369 aliquanto
707 1292 859 1369 antiquior
885 1293 933 1351 sit.
978 1291 1067 1366 Quod
1092 1299 1191 1352 tamen
1217 1292 1395 1354 diiudicatur
1422 1314 1462 1355 ex

133 1411 163 1451 v.
186 1389 217 1464 7,
238 1386 405 1471 ubiSao]15
424 1385 574 1476 Ἀδριανοῦ
594 1394 738 1471 scriptum
759 1395 849 1454 fuerit
863 1412 986 1454 necesse
1007 1404 1063 1455 est.
1094 1394 1202 1471 Itaque
1222 1394 1380 1456 duodecim
1400 1398 1464 1458 scre

134 1501 189 1553 aut
209 1493 300 1553 etiam
319 1493 458 1571 pluribus
485 1494 571 1555 aunis
591 1505 661 1573 post
686 1497 875 1556 consulatum
896 1477 963 1574 (qui
982 1498 1046 1558 fere
1070 1499 1102 1558 in
1124 1517 1235 1560 annum
1259 1499 1317 1560 127
1338 1519 1369 1577 p.
1392 1498 1464 1560 Chr.

133 1593 253 1671 incidit)
274 1595 378 1656 titulus
393 1596 548 1666 dedicatus
570 1606 626 1670 est,
647 1616 810 1677 omnesque
831 1599 921 1660 iidem
935 1600 1065 1660 honores
1080 1601 1131 1680 qui
1148 1601 1181 1662 in
1194 1602 1354 1664 Tiburtino
1376 1603 1465 1664 etiam

134 1697 167 1760 in
187 1696 246 1758 hoc
267 1697 371 1775 scripti
392 1699 490 1759 fuisse
510 1698 657 1760 videntur.

221 1801 271 1860 11.
296 1799 388 1862 Basia
408 1800 530 1862 inventa
549 1801 581 1861 in
601 1801 804 1875 Parthenone.
847 1803 904 1864 lto.
925 1803 1056 1865 Pittakis
1076 1800 1144 1883 'Em
1166 1801 1241 1892 ἄρχ.
1264 1806 1334 1868 781.
1369 1885 1373 1892 Ι

639 2149 939 2207 ΜΑΡΚΕΛΛΟΝΠΡΕ

639 2251 922 2310 ΚΑΙΣΑΡΟΣὶΕΙΙΙΙΙ

603 2329 607 2336 ’
638 2354 919 2414 restaurarunt

615 2367 972 2546 κιιεγεριεειιιιτῆ

220 2591 259 2652 In
279 2592 337 2652 hoo
358 2591 446 2652 titulo
466 2592 653 2653 restituendo
673 2592 705 2653 id
726 2613 817 2654 uuum
838 2595 982 2654 incertum
1003 2593 1098 2654 rideri
1119 2599 1227 2671 potest,
1249 2593 1338 2670 quale
1358 2611 1466 2654 nomen

135 2695 248 2774 gentile
262 2715 290 2755 v.
308 2692 325 2752 2
340 2695 511 2771 ponendum
532 2696 580 2754 sit.
614 2695 663 2756 Ex
681 2696 720 2756 iis
735 2705 835 2756 autem
848 2697 987 2776 gentibus
1002 2715 1127 2774 quarum
1143 2697 1265 2756 nomina
1279 2715 1297 2755 a
1311 2695 1406 2756 literis
1421 2713 1467 2756 nm

135 2797 294 2874 incipiunt,
315 2815 375 2856 una
395 2806 451 2870 est,
473 2799 504 2856 in
525 2816 586 2875 qua
600 2797 812 2859 Marcellorum
833 2817 998 2878 cognomen
1018 2799 1232 2877 imperatorum
1253 2806 1351 2858 aetate
1372 2797 1467 2858 fuisse

137 2901 280 2960 sciamus.
324 2898 441 2960 Consul
462 2900 532 2959 anui
561 2900 601 2960 80
623 2921 652 2978 p.
676 2899 747 2961 Chr.
772 2902 805 2961 in
836 2902 924 2962 titulo
958 2900 1206 2963 Orelli-Henzen
1234 2900 1316 2960 5428
1343 2905 1468 2960 vocatur

137 3001 173 3063 0.
197 3001 323 3062 Mantus
346 3002 541 3062 Mnncnnuvs
569 3002 703 3063 Octavius
725 3003 846 3063 Batitas
871 3004 986 3065 ίἹιιυίιιε
1007 3005 1116 3080 Rufrae,
1143 3004 1187 3063 ita
1212 3011 1245 3062 ut
1269 3003 1359 3061 etiam
1380 3020 1467 3081 prae·

137 3123 244 3164 nomen
265 3103 400 3165 indicare
421 3105 568 3175 videatur,
594 3106 673 3164 hunc
694 3105 828 3166 eiusdem
849 3105 981 3165 familiae
1003 3103 1231 3164 essecumillo
1252 3103 1357 3181 quiin
1379 3101 1467 3162 titulo
1525 3095 1527 3098 ’

138 3211 241 3270 Attico
263 3214 319 3268 eat.
354 3208 517 3268 Praeterea
538 3207 678 3279 11,1004
700 3206 801 3268 Morio
823 3205 1062 3284 munerata
1081 3205 1241 3266 invenitur.
1278 3200 1378 3278 Quare
1393 3203 1468 3281 quin

138 3311 336 3390 supplendum
358 3311 399 3372 sit

678 3465 714 3524 ‘O
736 3462 836 3544 δῆμος

659 3561 745 3630 Γαίον
765 3561 884 3654 Μετ’[ριον

618 3663 786 3756 Μάρκελλον
808 3663 999 3757 πρε[σβευτνζν
1030 3683 1035 3692 “

619 3767 764 3860 Καῖπιρος
784 3766 959 3852 Σεβαστοῦ

619 3873 720 3962 ἀρετῆς
741 3865 844 3954 ἕνε[κιν

547 3969 597 4038 καὶ
617 3974 783 4064 turgesco-iac
804 3982 854 4047 τῆς
875 3979 928 4058 [rto
953 3974 1061 4041 ἑαυτὸν.

139 4138 175 4180 eo
197 4119 296 4182 minus
317 4119 515 4181 dubitandum
536 4129 593 4193 est,
613 4118 695 4198 quod
716 4135 755 4178 ex
776 4137 813 4176 ea
833 4118 950 4178 ratione
969 4136 1030 4196 qua
1050 4135 1191 4178 vemuum
1211 4116 1299 4175 initia
1320 4115 1471 4192 disposita

139 4231 211 4284 sunt
237 4223 274 4283 de
300 4241 404 4284 eorum
430 4221 635 4303 magnitudine
661 4221 736 4281 satis
761 4227 844 4280 certa
871 4220 1043 4279 coniectura
1069 4219 1134 4278 fieri
1161 4226 1273 4295 potest.
1319 4214 1404 4272 Haec
1430 4212 1469 4274 da

140 4326 358 4405 supplementis
372 4325 535 4387 sufficiant:
558 4325 620 4384 iam
634 4322 672 4384 de
685 4331 820 4401 tempore
833 4320 999 4382 videamus.
1033 4318 1103 4394 Qua
1121 4319 1152 4378 in
1169 4337 1203 4378 re
1224 4315 1325 4376 omnia
1338 4312 1471 4391 pendent

139 4447 179 4488 ex
206 4447 234 4488 v.
257 4429 275 4488 3
303 4420 448 4512 Καίσαρος
468 4417 650 4504 totiusne
693 4425 730 4484 In
756 4423 856 4484 officio
882 4422 972 4503 iegati
994 4417 1126 4499 Augusti
1152 4436 1207 4498 pro
1232 4423 1372 4494 praetore
1392 4412 1470 4472 indi·

140 4529 237 4592 cando
260 4531 340 4591 solet
359 4531 479 4608 quidem
501 4531 600 4590 solum
620 4546 730 4589 nomen
752 4517 916 4592 Σεβαστοῦ
936 4523 1086 4596 adhiberi3
1116 4521 1170 4583 sed
1193 4537 1254 4578 non
1275 4535 1345 4577 raro
1367 4514 1470 4575 omnia

140 4641 193 4692 aut
223 4632 368 4712 primaria
401 4640 482 4694 certe
516 4633 582 4693 eius
616 4631 806 4708 imperatoris
841 4629 925 4689 cuins
960 4628 1078 4708 legatus
1114 4633 1161 4683 cst
1195 4619 1317 4682 nomina
1351 4635 1470 4678 enumc-

140 4743 255 4794 rantur.
296 4733 457 4814 Nusquam
478 4741 579 4796 autem
599 4736 702 4795 inveni
722 4725 867 4816 Καίσαρος
887 4721 1049 4796 Σεβαστοῦ
1068 4745 1105 4789 eo
1126 4725 1216 4785 modo
1238 4721 1408 4794 coniuncta,
1437 4725 1472 4778 ut

140 4836 172 4896 in
193 4837 367 4898 universum
392 4839 558 4918 principem
583 4837 802 4916 significarunt,
829 4833 950 4894 nomine
970 4828 1093 4910 proprio
1118 4845 1179 4887 non
1200 4824 1311 4886 addito.
1355 4819 1471 4884 Contra

144 4936 335 5002 Octavianam
355 4941 517 5019 Augustum
537 4940 661 5019 proprio
689 4938 808 4998 nomine
829 4937 942 5020 Καῖσαρ
962 4922 1120 4998 Σεβαστός
1145 4936 1282 4990 vocatum
1308 4942 1376 4988 esse
1401 4924 1471 5001 quia

141 5043 262 5121 estqui
283 5043 408 5104 nesciat.
451 5043 553 5121 Atque
578 5042 609 5104 0.
631 5041 747 5101 Marius
769 5037 892 5117 quidam
912 5033 1044 5113 Augusti
1068 5041 1166 5094 aetate
1186 5031 1220 5091 in
1240 5027 1369 5090 nummis
1390 5043 1472 5085 com·

140 5155 242 5224 paret3
262 5164 341 5225 quos
354 5163 494 5206 nummos
515 5144 573 5204 Th.
588 5145 794 5204 Mommsenus
816 5139 885 5200 hist.
906 5139 951 5201 rei
964 5136 1148 5198 nummariae
1161 5133 1249 5194 Rom.
1271 5149 1302 5209 p.
1318 5127 1379 5190 742
1401 5135 1472 5187 ante

141 5269 253 5312 aunum
278 5250 315 5312 15
331 5269 359 5310 a.
375 5247 447 5311 Chr.
470 5246 544 5325 (739
559 5267 588 5308 u
605 5245 646 5326 c.)
668 5261 757 5306 cusos
772 5259 840 5305 csse
853 5243 970 5321 probat.
1002 5239 1119 5302 Tamen
1132 5255 1224 5318 quum
1244 5234 1272 5296 is
1294 5229 1472 5311 cognomine
