3546 5950
488 597 787 654 onsnavnmorms
806 601 923 654 aaron
937 603 1013 654 vm.
1341 591 1411 664 145

90 787 155 829 esse
176 789 214 828 ex
227 767 265 826 L.
281 768 393 828 Pisone
408 766 578 828 Caesonino
599 769 722 828 consule
742 788 769 827 a.
784 768 854 830 698.
890 771 1026 832 Eundem
1047 777 1202 850 probabile
1218 789 1265 838 est
1277 779 1413 842 ultimum

89 888 210 929 suorum
236 869 314 928 diem
340 869 455 928 obiisse
480 869 704 946 octogenarium
731 889 758 929 a.
778 889 808 947 p.
823 869 895 930 Chr.
912 871 951 931 32
974 873 1120 949 (Tacitus
1141 877 1161 936 l.
1177 877 1234 956 o.);
1260 897 1330 942 nam
1355 886 1414 943 etsi

90 969 165 1029 lilios
191 968 269 1028 duos
296 988 364 1028 eum
389 968 533 1028 habuisse
560 978 678 1029 constat
703 990 742 1030 ex
766 970 886 1031 Horatii
913 975 953 1032 ed
981 975 1080 1051 ipsum
1109 977 1248 1056 filiosque
1274 985 1412 1060 epistola,

90 1069 138 1128 vix
163 1087 217 1128 eos
241 1078 314 1147 post
333 1087 367 1129 se
391 1070 523 1147 reliquit.
565 1071 654 1130 Alter
679 1074 759 1131 enim
780 1089 883 1132 eorum
909 1081 940 1133 et
965 1077 1062 1135 maior
1082 1079 1216 1154 quidem,
1239 1101 1307 1142 oum
1329 1104 1413 1162 prae·

90 1187 192 1228 nomen
219 1177 377 1248 paternum
403 1177 501 1248 gerat,
529 1171 692 1230 seeundum
717 1173 902 1250 probabilem
925 1177 1126 1237 coniecturam
1148 1181 1307 1258 Borghesii
1329 1185 1412 1264 (opp.

91 1270 118 1342 5,
132 1269 206 1346 312)
227 1270 265 1329 1..
287 1270 433 1332 Pisoeat
458 1272 485 1330 is
511 1271 564 1347 qui
592 1271 709 1349 legatus
731 1270 898 1348 Hispaniae
920 1276 1066 1336 citerioris
1088 1281 1176 1356 periit
1197 1302 1268 1361 ap.
1286 1277 1356 1345 Chr.
1373 1287 1412 1346 26

91 1370 172 1445 (Tae.
194 1389 265 1430 aun.
285 1372 320 1444 4,
334 1370 400 1447 45).
443 1371 494 1429 Ad
522 1371 666 1431 minorem
688 1382 786 1431 autem
808 1374 889 1450 quod
910 1376 1029 1448 attinet,
1057 1398 1096 1436 ne
1120 1385 1268 1459 reperitur
1293 1389 1414 1462 quidem

91 1471 161 1530 Piso
186 1471 279 1545 alter,
298 1490 395 1550 ¹quem
421 1471 564 1550 praelecti
589 1472 673 1532 illius
698 1473 792 1532 filium
820 1474 942 1535 eredere
963 1477 1067 1550 liceat,
1094 1482 1218 1543 utitem
1241 1493 1324 1561 patre
1345 1489 1415 1548 vivo

92 1578 139 1630 aut
163 1571 244 1630 diem
270 1572 384 1634 obiisse
409 1573 546 1632 videatur
571 1581 624 1633 aut
650 1573 811 1651 adoptione
837 1595 877 1635 cx
901 1575 1016 1637 familia
1042 1580 1165 1641 exiisse.
1208 1581 1298 1646 Certe
1322 1589 1416 1666 Frugi

92 1689 252 1750 cognomen
278 1674 358 1751 apud
380 1672 562 1751 Calpurnios
589 1674 718 1752 amplius
744 1694 804 1734 non
831 1676 991 1751 invenitur,
1017 1698 1115 1758 neque
1141 1703 1282 1762 umquam
1304 1708 1340 1747 eo
1363 1707 1419 1749 usa

93 1781 137 1831 est
155 1773 253 1833 altera
272 1776 365 1853 stirps
380 1773 611 1851 Calpurniorum
626 1775 783 1850 Pisonum,
805 1778 853 1836 cui
874 1780 1028 1855 proprium
1051 1789 1097 1840 est
1111 1803 1293 1860 praenomen
1309 1787 1418 1862 Gnaei,

93 1895 155 1937 cum
181 1876 273 1938 Lucii
299 1886 331 1936 et
357 1874 416 1936 Gai
442 1877 610 1936 communia
635 1877 744 1936 habeat
771 1895 839 1937 cnm
866 1875 1045 1940 Caesoninis
1073 1891 1103 1942 et
1127 1884 1230 1963 Frugi.
1272 1889 1419 1968 Princeps

95 1979 153 2039 cius
173 1979 290 2058 stirpis,
311 1977 364 2056 qui
385 1976 507 2055 quidem
527 1977 615 2036 uobis
630 1986 719 2036 notus
734 1979 784 2050 sit,
805 1977 860 2038 Cn.
875 1979 950 2039 Piso
972 1998 1033 2040 cos.
1056 2001 1084 2043 a.
1100 2004 1128 2042 u.
1143 2003 1169 2044 c.
1186 1986 1246 2045 615
1268 1993 1419 2065 quomodo

95 2081 129 2138 ad
155 2097 343 2140 communem
371 2077 517 2155 originem
545 2077 742 2156 applicandus
770 2081 826 2152 sit,
854 2080 937 2140 latet.
985 2081 1154 2145 Duravisse
1182 2106 1248 2147 eam
1277 2092 1419 2151 extinctis

96 2178 270 2242 Caesoninis
292 2188 322 2240 et
343 2179 437 2256 Frugi
458 2189 489 2238 et
509 2186 613 2237 notum
634 2184 733 2239 est'et
753 2180 832 2240 infra
852 2181 890 2239 de
908 2182 1070 2244 Pisonibus
1092 2185 1130 2244 iis
1151 2185 1274 2247 dicetur.

171 2279 234 2344 Sed
260 2299 321 2359 quo
347 2289 482 2356 tempore
504 2278 661 2357 Calpurnii
684 2280 810 2340 Pisones
831 2280 927 2360 Frugi
954 2301 1020 2344 esse
1049 2283 1202 2360 desinunt,
1232 2289 1337 2349 eodem
1357 2291 1421 2352 lere

95 2382 123 2441 in
148 2401 288 2444 scaenam
309 2381 433 2442 veniunt
453 2380 564 2440 Licinii
585 2378 688 2441 Crassi
710 2380 813 2462 Frugi.
858 2381 981 2444 Scilicet
1001 2385 1129 2461 primum
1151 2388 1216 2448 eius
1238 2391 1343 2469 stirpis
1364 2392 1423 2452 hoe

96 2484 269 2562 cognomine
300 2483 473 2543 distinctum
506 2482 675 2542 invenimus
708 2482 749 2540 Μ.
780 2482 930 2542 Licinium
964 2482 1110 2546 Crassum
1142 2489 1236 2568 Frugi
1267 2493 1422 2552 consulem

96 2603 121 2644 a.
134 2606 162 2664 p.
177 2585 252 2645 Chr.
269 2579 367 2660 27¹),
394 2583 479 2643 cuius
506 2584 557 2660 qui
579 2591 664 2660 pater
684 2583 779 2642 fuisse
799 2584 918 2644 videtur
938 2587 1045 2645 consul
1066 2607 1093 2647 a.
1110 2588 1171 2648 740
1192 2615 1229 2642 =
1251 2613 1277 2651 a.
1294 2591 1366 2652 Chr.
1385 2596 1423 2654 14

97 2687 134 2746 hl.
152 2686 291 2746 Licinius
314 2683 458 2756 Crassus,
484 2683 661 2760 cognomine
681 2683 777 2760 Frugi
801 2683 980 2762 abstinetl).
1024 2685 1199 2765 Cognomen
1220 2691 1297 2752 illud
1318 2693 1349 2753 in
1370 2693 1424 2754 Li-

98 2787 197 2847 ciniam
223 2795 345 2865 gentem
372 2784 489 2844 illatum
517 2801 585 2843 esse
610 2802 671 2844 non
696 2793 798 2862 potest
824 2785 883 2846 nisi
909 2795 963 2845 aut
988 2807 1007 2846 a
1028 2789 1121 2865 stirpe
1142 2797 1277 2851 materna
1298 2803 1351 2852 aut
1371 2813 1426 2871 per

99 2887 299 2965 adoptionem,
324 2887 467 2963 illamque
489 2885 665 2946 sententiam
687 2885 743 2944 viri
766 2885 847 2946 docti
868 2886 958 2948 hodie
979 2887 1042 2947 fere
1063 2890 1291 2966 amplectuntur.
1333 2894 1377 2952 At
1398 2895 1425 2953 ei

99 2989 228 3066 opinioni
257 2989 315 3048 hoc
339 2989 455 3059 obstat,
483 2985 564 3065 quod
585 2986 715 3046 Pisones
736 2986 831 3063 Frugi
848 2986 934 3047 nulli
958 2989 1150 3050 inveniuntur
1176 3002 1246 3070 post
1271 2995 1425 3054 consulem

100 3107 125 3148 a.
139 3090 208 3162 739,
231 3107 323 3167 quem
345 3087 474 3147 uidimus
496 3087 599 3164 stirpis
621 3106 694 3147 suaa
715 3087 811 3147 luisse
832 3087 926 3146 videri
950 3089 1103 3162 ultimnm3
1126 3093 1192 3152 eius
1213 3099 1312 3152 autem
1334 3094 1427 3154 filiam

101 3190 236 3268 nupsisse
257 3190 300 3250 ld.
322 3187 437 3250 Crasso
458 3187 575 3248 consuli
596 3207 623 3246 a.
640 3187 700 3247 740
727 3196 757 3246 et
781 3189 813 3247 in
835 3187 956 3247 domum
977 3207 1044 3247 eam
1065 3209 1132 3250 cum
1153 3192 1318 3252 hereditate
1338 3193 1428 3252 Piso·

101 3309 167 3350 num
186 3291 287 3374 Frugi¹
309 3291 399 3351 etiam
427 3289 607 3368 cognomina
632 3287 788 3360 intulisse,
815 3290 923 3347 aetatis
948 3290 1113 3348 rationibus
1140 3287 1303 3353 nonsatis
1325 3303 1428 3370 aptum

101 3392 192 3468 esti).
235 3391 336 3470 Magis
363 3388 539 3452 crediderim
561 3389 603 3448 Μ.
624 3386 777 3448 Licinium
798 3386 943 3448 Crassum
965 3389 1060 3468 Frugi
1085 3391 1239 3451 consulem
1265 3411 1293 3452 a.
1310 3393 1349 3452 27
1375 3414 1427 3454 na·

102 3503 164 3552 tura
187 3495 284 3554 filium
305 3491 402 3552 fuisse
423 3491 569 3552 minorem
590 3489 627 3549 1..
650 3489 770 3549 Pisonis
792 3507 854 3573 cos.
879 3509 906 3549 a.
924 3490 998 3563 739,
1027 3490 1150 3550 fratrem
1170 3493 1262 3570 igitur
1283 3495 1428 3556 minorem

102 3593 134 3653 L.
148 3595 272 3655 Pisonis
287 3593 379 3671 legati
393 3591 562 3670 Hispaniae
579 3610 607 3651 a.
623 3610 652 3668 p.
665 3587 737 3649 Chr.
750 3589 790 3648 26
811 3590 998 3668 alterumque
1012 3592 1152 3652 iuvenum
1167 3613 1280 3665 eorum,
1297 3594 1336 3653 ad
1350 3612 1428 3672 quos

103 3693 243 3766 Horatius
269 3695 308 3754 de
327 3693 414 3771 poesi
436 3691 596 3770 epistulam
616 3691 711 3764 dedit;
738 3690 865 3750 eundem
886 3691 1062 3768 adoptatum
1083 3702 1189 3770 postea
1210 3711 1229 3752 a
1248 3694 1290 3754 Μ.
1313 3693 1428 3757 Crasso

103 3799 254 3873 antiquum
275 3813 440 3873 cognomen
460 3793 631 3854 retinuisse.
666 3793 715 3852 Ita
736 3793 815 3852 enim
836 3802 867 3852 et
887 3801 1023 3870 tempora
1043 3803 1113 3872 apte
1134 3795 1310 3862 ordinantur
1329 3802 1360 3856 et
1373 3798 1430 3856 mi·

105 3915 165 3956 mm
191 3899 229 3957 de
258 3897 354 3957 altero
381 3896 434 3956 illo
459 3895 523 3954 filio
550 3893 702 3954 silentium
728 3893 899 3972 explicetur
926 3901 955 3952 et
981 3895 1190 3955 consuetudini
1215 3896 1365 3956 claranum
1385 3897 1431 3958 fa·

104 3998 251 4062 miliarum
273 3997 339 4057 eius
360 3995 466 4057 aetatis
488 3995 636 4068 convenit,
657 4003 691 4056 ut
711 3996 763 4072 qui
784 3996 852 4074 plus
873 4012 934 4054 nno
949 3994 1012 4053 filio
1028 3995 1160 4071 haberet,
1182 3996 1310 4058 alterum
1324 3997 1429 4058 liberis

106 4099 211 4160 carenti
233 4097 328 4158 nobili
348 4099 380 4158 in
402 4097 592 4175 adoptionem
614 4097 706 4154 daret.

180 4401 204 4464 ¹)
232 4399 272 4454 Μ.
284 4399 402 4454 Licinim
417 4397 525 4452 &uam
536 4395 635 4466 Frugi:
654 4399 713 4452 test
729 4401 795 4449 Aru.
816 4399 933 4461 (Henseu
946 4395 1015 4450 Ball.
1031 4399 1101 4449 1869
1119 4414 1145 4463 p.
1161 4397 1233 4459 123).
1260 4395 1299 4448 Μ.
1313 4396 1430 4450 Lr'cint'ut

110 4489 228 4546 Crucem
247 4492 328 4546 Orell.
343 4493 405 4544 tte.
442 4489 481 4543 Μ.
504 4487 611 4542 Comus
628 4487 727 4558 Frugi.-
745 4489 821 4542 Crut.
834 4491 897 4552 200,
911 4489 937 4540 6.
956 4488 1036 4542 Orell.
1050 4489 1131 4540 sote.
1145 4488 1226 4539 3796.
1245 4489 1313 4540 Mur.
1327 4490 1389 4553 302,
1404 4493 1430 4542 2.

107 4581 143 4634 Μ.
161 4581 293 4635 lAciniosr
312 4583 417 4635 Tacitus
435 4599 497 4634 aun.
510 4583 537 4645 4,
551 4583 595 4633 27.
630 4577 738 4632 Croesus
755 4577 854 4646 Frugi.-
873 4580 980 4634 Sueten.
995 4579 1087 4631 Claud.
1103 4581 1145 4643 1'l;
1165 4578 1264 4650 Seneca
1283 4579 1369 4646 apoth.
1385 4583 1429 4632 11.

108 4671 144 4724 Μ.
164 4671 286 4726 Cressam
308 4675 393 4726 Tacit.
411 4674 472 4726 hiat.
493 4674 577 4735 1,14.
614 4669 652 4722 Μ.
676 4668 808 4723 Cras....·
831 4672 890 4723 last.
909 4672 975 4721 Arv.
995 4669 1116 4732 (Hennen
1136 4667 1205 4721 Ball.
1227 4671 1298 4724 1369
1316 4687 1342 4737 p.
1359 4673 1432 4735 122).

111 4761 229 4816 Coum.-
248 4765 348 4819 Seneca
366 4765 517 4832 spoth.11;
537 4763 605 4816 Plut.
624 4763 700 4816 Calb.
716 4764 764 4826 2³3
783 4762 844 4813 lasti
862 4762 929 4813 ldat.
949 4761 1051 4826 aliique.

179 4853 206 4918 ³)
232 4857 291 4922 lp.
305 4857 367 4909 tte.
382 4857 444 4911 547.

153 4925 162 4935 ”
180 4943 206 5008 ³)
234 4947 276 4998 lta
293 4950 362 4998 enim
380 4948 533 4998 haberemus
551 4960 667 4997 socerum
680 4957 854 5010 generumque
867 4943 958 4993 eodem
971 4944 1048 5008 plane
1061 4949 1176 5007 tempore
1189 4943 1314 4992 consules.
1345 4943 1432 4994 Etiam

110 5036 191 5088 minus
214 5038 384 5104 probabiliter
400 5037 565 5089 Lehmaunus
587 5037 616 5086 in
639 5035 727 5086 tabula
749 5035 850 5085 adiecta
868 5033 957 5098 quinta
974 5034 1055 5084 liliam
1074 5034 1186 5084 consulis
1204 5047 1228 5083 a.
1243 5032 1295 5083 763
1314 5033 1434 5097 opinatur

111 5129 224 5192 nupsisse
244 5129 342 5180 consuli
359 5129 457 5181 atio.
493 5126 650 5192 Borghesius
669 5143 729 5192 opp.
744 5127 773 5188 5,
788 5126 840 5176 322
860 5126 921 5174 item
941 5124 1071 5176 existimat
1088 5139 1196 5174 uxorem
1216 5123 1302 5174 Crassi
1322 5123 1434 5174 consulis

113 5229 135 5266 a.
149 5219 202 5270 tto
219 5220 324 5270 nomine
343 5219 509 5286 Calpurniam
528 5217 617 5280 fuisse,
637 5231 762 5284 quaenam
781 5231 842 5267 vero
860 5215 946 5278 fuerit,
966 5230 1018 5266 non
1037 5214 1135 5266 defluit.

1171 5303 1209 5361 10
