3578 5962
368 597 414 668 27
420 595 441 667 6
938 606 1121 663 monnsnu

366 788 445 850 lemo
465 795 564 847 aetate
577 783 724 846 Hadriani
746 780 892 862 clarus.¹)
923 783 990 842 Iam
1011 802 1078 843 unm
1093 780 1239 842 Claudius
1255 781 1419 858 imperator
1439 798 1466 841 a.
1482 781 1520 840 41
1537 781 1686 844 Polemoni

366 909 422 968 pro
439 886 537 966 'regno
557 887 735 966 Bosporano
761 886 862 945 ablato
889 894 1004 964 partem
1027 883 1150 944 Ciliciae
1176 878 1343 959 dederit¹),
1373 880 1458 942 Nero
1479 891 1578 944 autem
1603 904 1629 944 a.
1650 883 1684 944 63

366 991 496 1052 Pontum
516 989 548 1050 in
568 988 742 1067 provinciae
761 989 889 1046 formam
910 987 1067 1064 redegerit,
1089 985 1231 1045 credibile
1252 993 1301 1045 est
1321 1002 1458 1044 nummos
1480 985 1551 1045 illos
1572 986 1613 1045 M.
1628 986 1686 1046 An·
1778 983 1779 1040 l

366 1093 442 1154 tonii
460 1092 583 1152 nomina
602 1091 750 1168 inscripta
770 1089 915 1150 habentes
936 1088 1024 1148 flatos
1047 1105 1114 1148 esse
1134 1106 1189 1164 per
1209 1096 1346 1163 tempora
1359 1084 1529 1146 Claudiana
1546 1095 1578 1146 et
1596 1095 1686 1164 poste·

251 1233 254 1239 -
365 1195 456 1268 riom,
482 1193 651 1255 Zenonides
672 1201 772 1252 autem
800 1191 922 1250 amissis
945 1189 1047 1269 regnis
1068 1189 1194 1249 rediisse
1215 1188 1254 1247 ad
1275 1197 1385 1248 statum
1406 1189 1536 1265 primum
1556 1189 1686 1266 dynasta·

366 1315 433 1356 rum
460 1294 571 1369 Olbae,
604 1313 694 1372 qnem
724 1293 925 1372 principatum
957 1300 1112 1370 acceptum
1140 1310 1159 1350 a
1185 1289 1314 1350 Claudio
1341 1289 1432 1350 etiam
1458 1290 1571 1351 amisso
1596 1290 1686 1350 Ponto

366 1397 550 1475 aliquamdiu
572 1397 710 1457 videntur
729 1395 901 1468 retinuisse,
922 1393 1030 1454 deindo
1050 1393 1261 1472 principalium
1283 1393 1391 1453 civium
1413 1391 1590 1453 Laodiceae.

453 1855 539 1919 XIV.
583 1854 860 1919 COROLLARIA
880 1852 939 1914 DE
962 1851 1218 1915 CLEOPATRA
1237 1851 1370 1913 IVBAE
1390 1849 1603 1928 DOMOQVE

679 1956 897 2018 ARCHELAI
917 1954 1045 2018 REGIS
1068 1954 1381 2016 CAPPADOCIAE.

448 2146 498 2207 De
523 2144 685 2221 Cleopatra
709 2143 862 2203 Antoniae
887 2143 951 2202 filia
981 2161 1058 2220 quae
1085 2159 1177 2220 supra
1203 2140 1266 2201 dixi
1292 2160 1358 2201 oum
1385 2140 1417 2200 in
1443 2141 1568 2202 dubium
1593 2139 1686 2200 vocari
1778 2145 1779 2180 l

365 2266 457 2326 posse
478 2248 664 2325 intellegam,
691 2255 846 2324 praeterea
866 2245 1051 2322 comparatio
1073 2243 1257 2304 condicionis
1279 2244 1345 2304 eius
1369 2250 1400 2303 et
1419 2241 1632 2321 Pythodoridis
1652 2243 1687 2300 ad

365 2371 429 2411 rem
449 2350 549 2410 facere
569 2349 722 2420 videatur,
742 2348 779 2408 de
800 2349 869 2426 ipsa
889 2365 986 2425 pauca
1006 2347 1098 2405 verba
1119 2346 1289 2425 affiungam.
1331 2345 1459 2406 Liberos
1481 2345 1630 2404 Antonius
1650 2363 1685 2403 ex

365 2451 529 2531 Cleopatra
548 2449 679 2528 Aegypti
700 2450 802 2526 regina
825 2447 958 2526 suscepit
978 2467 1039 2507 non
1060 2467 1114 2530 per
1135 2465 1231 2506 annos
1254 2445 1379 2521 712114,
1406 2465 1466 2525 qno
1486 2464 1553 2506 oum
1580 2465 1616 2506 aa
1635 2446 1687 2505 luit
1778 2429 1779 2478 ἶ

364 2556 494 2635 primum
515 2555 546 2612 in
568 2550 685 2622 Cilicia,
710 2551 818 2609 deinde
838 2550 1062 2632 Alexandriae,
1088 2549 1141 2608 sed
1163 2555 1323 2626 postquam
1344 2567 1410 2608 eam
1431 2568 1459 2609 a.
1483 2549 1542 2608 717
1565 2557 1686 2608 exeunte

364 2664 418 2716 aut
438 2674 465 2714 a.
488 2655 607 2713 demum
629 2652 689 2712 718
710 2653 742 2710 in
766 2651 891 2730 Syriam
912 2651 950 2710 ad
979 2669 1012 2711 se
1038 2651 1166 2710 vocarit.
1213 2651 1252 2709 Id
1278 2651 1353 2710 satis
1383 2658 1485 2726 aperto
1511 2651 1685 2710 Plutarchus
1778 2693 1779 2734 4

364 2755 477 2817 indicat
498 2753 582 2830 (Ant.
604 2752 658 2829 36)
679 2753 862 2830 requiritque
888 2773 989 2813 rerum
1015 2753 1106 2823 ordo;
1132 2770 1228 2829 neque
1249 2752 1327 2811 enim
1349 2751 1435 2810 liberi
1462 2751 1508 2811 illi
1534 2753 1598 2812 nati
1622 2760 1686 2810 aunt

363 2875 424 2936 quo
445 2867 578 2934 tempore
599 2854 750 2914 Antonius
771 2854 897 2914 Fuluiae
918 2855 1044 2914 maritus
1066 2863 1138 2928 erat,
1168 2853 1222 2912 aed
1242 2872 1301 2932 quo
1326 2861 1463 2930 tempora
1483 2855 1609 2913 maritus
1629 2865 1686 2912 erat
1778 2887 1779 2980 7

363 2959 519 3020 Octaviae.
562 2953 633 3016 Non
654 2965 733 3016 recte
746 2957 838 3035 igitur
859 2957 937 3028 inde,
960 2955 1040 3033 quod
1059 2955 1120 3015 Dio
1135 2955 1187 3028 49,
1209 2955 1247 3015 37
1270 2954 1310 3015 ad
1331 2974 1358 3014 a.
1375 2952 1435 3014 718
1456 2955 1546 3015 trium
1566 2955 1686 3015 Antonii
1778 2983 1779 2986 ¹

362 3069 394 3122 et
407 3059 586 3139 Cleopatrae
604 3057 766 3118 liberorum
786 3059 965 3118 mentionem
987 3057 1068 3132 facit,
1090 3057 1286 3136 gemellorum
1307 3058 1433 3117 duorum
1453 3063 1527 3116 natu
1547 3057 1685 3117 maiorum

361 3161 530 3223 Alexandri
551 3169 582 3221 et
595 3159 774 3238 Cleopatrae
788 3161 926 3237 tertiique
940 3159 1118 3231 Ptolemaei,
1131 3158 1328 3220 Drumannns
1348 3157 1433 3236 (hist.
1452 3159 1479 3231 1,
1494 3157 1550 3236 28)
1572 3160 1686 3236 collegit
1778 3197 1779 3214 r

360 3265 441 3325 huno
466 3283 501 3324 eo
528 3263 597 3341 ipso
621 3282 701 3323 anno
728 3269 831 3320 natum
858 3278 942 3333 esse3
968 3262 1060 3320 immo
1088 3260 1148 3320 Dio
1174 3261 1276 3337 paullo
1298 3261 1423 3320 liberius
1444 3262 1630 3338 exspatiatus
1650 3261 1684 3318 de

360 3367 486 3428 Antonii
513 3372 544 3425 et
564 3363 744 3443 Cleopatrae
768 3363 871 3422 liberis
892 3363 924 3422 in
945 3362 1116 3422 universum
1138 3363 1273 3440 exponit.
1317 3360 1481 3440 Cleopatra
1504 3363 1596 3440 igitur
1620 3371 1686 3422 nata

360 3476 409 3530 est
428 3477 482 3527 aut
502 3486 527 3526 a
545 3467 605 3527 718
627 3476 761 3526 extremo
778 3474 829 3525 aut
842 3465 1028 3542 probabilius
1042 3482 1120 3524 anno
1135 3473 1288 3543 sequente.
1302 3495 1345 3508 -
1366 3463 1434 3539 Quo
1449 3471 1585 3542 tempore
1597 3465 1683 3524 lubae

359 3570 511 3647 nupserit,
542 3569 731 3644 aliquatenus
764 3567 892 3644 produnt
923 3567 1037 3624 nummi
1070 3567 1223 3644 utriusque
1254 3565 1352 3641 eapite
1376 3565 1511 3642 insignes
1538 3566 1687 3643 adscripta
1778 3555 1779 3642 7

360 3671 506 3731 habentes
539 3667 578 3727 ad
608 3669 666 3727 viri
697 3675 787 3744 caput
818 3669 910 3727 verba
936 3686 988 3726 rea
1014 3667 1091 3726 Iuba
1116 3671 1192 3744 repis
1217 3667 1303 3726 Iudai
1321 3669 1350 3743 s.
1375 3666 1485 3744 r(c9m‘)
1510 3667 1617 3745 o(nao)
1646 3666 1688 3727 Vl
1778 3647 1779 3684 ἒ

362 3771 413 3848 (L.
441 3771 568 3832 Mueller
600 3788 675 3828 cum.
703 3770 738 3829 de
759 3763 903 3846 Falsaque
929 3769 958 3842 3,
988 3767 1071 3845 108).
1114 3768 1253 3848 Regnum
1280 3768 1486 3830 Mauretaniae
1515 3787 1583 3829 cum
1613 3767 1687 3828 Iuba
1778 3753 1779 3788 ³

361 3871 529 3931 obtinuisse
554 3869 691 3930 videatur
712 3889 739 3928 a.
761 3890 790 3928 n.
812 3888 837 3929 c.
860 3869 920 3928 719
943 3869 993 3946 (L.
1015 3870 1144 3929 Mueller
1167 3871 1187 3930 l.
1210 3889 1234 3930 c.
1256 3890 1286 3948 p.
1312 3869 1396 3948 114),
1423 3869 1527 3948 nupsit
1552 3871 1580 3930 ei
1601 3863 1684 3931 Cleo·

359 3979 449 4052 patra
469 3989 529 4030 non
550 3978 620 4050 post
639 3990 667 4031 a.
690 3972 768 4043 734,
795 3988 855 4047 quo
883 3990 920 4030 ea
945 3991 1056 4031 annum
1081 3973 1189 4050 agebat
1210 3971 1345 4049 quintum
1366 3971 1524 4032 decimum.
1566 3970 1685 4032 Nummi

359 4083 466 4135 extant
492 4082 553 4134 tam
580 4073 713 4153 argentei
738 4090 829 4149 quam
857 4074 943 4132 aenei
965 4073 1017 4131 alii
1043 4073 1107 4133 eins
1130 4073 1224 4134 solius
1250 4075 1372 4134 nomine
1398 4073 1551 4152 inscripti,
1576 4075 1684 4136 scilieet

358 4169 528 4260 Κλεοπάτρα
555 4165 741 4243 βασίλισσα,
772 4183 803 4236 et
828 4174 937 4252 signati
964 4175 1062 4252 eapite
1090 4177 1156 4236 eius
1182 4177 1266 4255 regio
1294 4175 1461 4236 diademate
1486 4185 1606 4251 ornato,
1635 4177 1683 4236 alii

359 4279 441 4356 iique
467 4277 570 4356 plures
593 4277 714 4337 nomina
739 4295 789 4336 rec
810 4278 886 4336 Iuba
907 4284 936 4336 et
956 4267 1122 4338 Βασῖλισσα
1143 4268 1314 4362 Κλεοπάτρα
1335 4296 1500 4357 eorumque
1522 4279 1620 4357 capita
1640 4279 1680 4337 its

358 4382 586 4459 coniungentes,
608 4387 641 4438 ut
661 4386 763 4456 aperte
784 4378 927 4456 coniuges
949 4379 1007 4438 sibi
1029 4380 1269 4457 aequiparentur.
1307 4380 1353 4441 Oa
1368 4384 1506 4458 pourroit
1526 4383 1682 4450 dammader,

358 4481 522 4542 Muellerus
544 4483 588 4541 ait
602 4501 632 4558 p.
649 4480 718 4551 116,
741 4483 769 4540 aa'
783 4481 823 4539 lec
842 4482 989 4539 moonuies
1011 4484 1062 4558 qui
1071 4481 1236 4556 presentant
1256 4481 1282 4541 ls
1301 4499 1367 4542 nont
1388 4492 1414 4542 et
1434 4481 1465 4540 lo
1484 4483 1538 4543 tlte
1557 4484 1591 4541 da
1607 4483 1682 4544 Cilo

353 4592 451 4660 potre,
473 4602 513 4670 uu
535 4586 626 4643 molas
648 4582 731 4641 eolles
753 4583 789 4642 orl
810 4599 844 4640 ne
865 4600 895 4640 se
916 4592 1043 4642 trouvent
1059 4600 1118 4660 pua
1145 4583 1170 4642 lc
1191 4601 1255 4642 aom
1277 4593 1303 4644 ct
1324 4583 1355 4644 lo
1376 4583 1427 4644 tera
1447 4585 1483 4642 de
1502 4585 1586 4657 Indu,
1610 4579 1683 4642 a’oat

353 4701 413 4760 poa
439 4683 483 4742 etl
500 4685 643 4762 froppdes
669 4703 702 4744 ca
726 4693 807 4743 ortu
833 4683 917 4742 d'aue
938 4685 1063 4743 cutoritl
1081 4688 1247 4745 souveroiae
1272 4702 1309 4746 ou
1336 4685 1407 4745 d'ua
1432 4685 1510 4745 droit
1534 4686 1683 4746 mmadtuirs

355 4784 491 4844 recorder
517 4785 778 4862 porticalllremeat
805 4787 825 4846 d
852 4794 919 4845 cette
946 4789 1037 4860 reios,
1075 4796 1106 4846 et
1135 4787 1206 4847 lieet
1234 4787 1302 4864 ipsa
1330 4786 1363 4847 id
1387 4787 1437 4848 ius
1468 4797 1558 4866 neget
1587 4787 1680 4866 tnagis

357 4949 561 4962 *a—

434 5071 458 5134 ¹)
485 5072 657 5124 Philostratus
687 5075 731 5126 vlt
759 5077 833 5142 soph.
862 5081 886 5140 1,
915 5077 959 5139 25,
990 5077 1018 5128 3:
1051 5066 1180 5135 ’Amalune
1210 5074 1344 5148 Πολέμων.
1395 5076 1499 5130 Titulus
1529 5079 1679 5144 Smyrnaeus

357 5163 387 5215 C.
406 5165 428 5216 Ι.
449 5163 495 5216 Gr.
516 5164 597 5216 3148.

432 5252 593 5320 ¹)D1060‚
614 5257 640 5309 8.
