3546 5950
473 621 476 628 .
525 576 823 632 onsnavnrrouus
841 577 959 631 armar.
978 578 1028 630 tn.
1366 568 1436 640 129

108 753 173 813 suis
195 753 334 810 Postumi
355 749 528 810 concubinis
551 768 659 808 nomeu
681 750 817 810 duxisse.
853 752 1017 827 Imperator
1038 752 1201 812 Antoninus
1219 754 1367 832 Arpocras
1387 762 1440 837 qui

108 855 280 912 nominatur
300 852 363 912 v.9
386 871 456 910 num
478 852 519 910 ait
538 851 613 909 Pius
636 870 675 910 an
696 852 818 910 Marcus
839 870 878 910 an
900 850 1059 912 Caracalla
1079 873 1117 912 au
1139 855 1338 932 Elagabalus,
1360 871 1442 921 certa

108 955 225 1013 ratione
247 945 363 1012 deliniri
386 971 446 1012 non
465 960 575 1030 potest,
597 971 664 1011 cum
679 971 756 1030 qnae
770 962 927 1036 praeterea
939 953 969 1011 in
986 954 1072 1038 titulo
1086 955 1227 1034 leguntur
1241 961 1372 1020 omnium
1386 964 1441 1022 ho-

107 1075 175 1114 rum
190 1056 317 1133 tempori
332 1064 412 1114 recte
428 1053 614 1112 conveniant.
630 1085 671 1097 —
694 1050 810 1112 Cursus
832 1055 980 1114 honorum
1002 1058 1078 1115 satis
1100 1057 1259 1134 expeditus
1281 1069 1335 1122 est.
1373 1064 1441 1123 Tri·

107 1157 254 1216 bunatum
280 1156 440 1216 militarem
465 1155 629 1214 Postumus
655 1162 707 1212 aut
732 1154 833 1214 omisit
859 1163 911 1213 aut
936 1152 1104 1234 reticuit1).
1149 1158 1225 1218 Post
1251 1172 1441 1238 quaesturam

107 1276 212 1318 curam
229 1257 363 1316 coloniae
377 1255 497 1314 Ardeae
518 1254 642 1332 accepit,
664 1273 742 1332 quae
764 1256 932 1315 curationes
955 1259 1134 1334 quamquam
1157 1261 1335 1340 plerumque
1357 1285 1443 1342 prae-

108 1358 195 1418 toriis
218 1359 440 1436 permittuntur,
462 1375 521 1416 uon
543 1356 684 1415 deficiunt
705 1357 843 1432 exempla
865 1365 933 1416 ante
954 1367 1125 1434 praeturam
1146 1361 1282 1422 datarum
1292 1364 1331 1441 ²).
1375 1367 1442 1428 Tri·

109 1460 255 1518 bunatum
276 1459 373 1536 plebis
396 1459 498 1517 omisit
518 1456 651 1516 adlectus
673 1457 750 1516 inter
772 1459 949 1518 tribunicios
972 1461 1009 1517 ab
1031 1461 1220 1536 imperatore.
1263 1465 1336 1524 Mox
1357 1477 1445 1544 gesta

109 1567 254 1636 praetura
274 1559 386 1636 legioni
401 1558 446 1617 vt
466 1558 605 1630 ferratae,
627 1577 703 1634 quae
726 1577 762 1616 eo
783 1567 917 1636 tempore
938 1561 969 1618 in
991 1561 1104 1619 Iudaea
1126 1572 1199 1634 erat,
1222 1563 1340 1640 legatus
1358 1588 1444 1645 prae·

109 1661 175 1719 tuit.
220 1660 286 1718 Iam
307 1679 379 1719 vero
405 1679 482 1737 quae
508 1669 672 1736 sequuntur
698 1659 790 1717 verba
817 1661 948 1724 ordinato
973 1665 1004 1718 in
1029 1661 1131 1720 Gallia
1153 1675 1185 1723 at
1205 1670 1329 1742 quinque
1343 1673 1444 1743 faccee
1493 1686 1497 1692 ’

110 1762 181 1838 quid
203 1761 381 1838 significent,
403 1759 614 1838 explicandum
637 1767 689 1818 est.
727 1757 800 1820 Sine
821 1743 912 1818 dubio
934 1781 993 1820 nou
1015 1763 1073 1822 hoc
1095 1749 1266 1825 enuntiatur
1284 1767 1444 1846 imperato-

110 1883 172 1922 rem
193 1864 228 1921 in
250 1860 353 1922 Gallia
374 1871 539 1922 morantem
559 1861 706 1920 Postumo
729 1878 836 1919 munus
859 1861 982 1937 aliquod
1004 1863 1203 1940 impertivisse
1225 1886 1292 1926 cum
1314 1872 1445 1949 quinqua

111 1965 238 2023 tascium
259 1964 324 2021 iure
348 1964 552 2033 coniunctum,
580 1980 648 2021 cum
670 1961 816 2020 eiusmodi
838 1962 1042 2040 interpretatio
1065 1971 1095 2022 et
1117 1967 1265 2027 similibus
1287 1971 1444 2032 locutioni-

111 2065 166 2123 bus
188 2063 343 2122 contraria
364 2062 442 2140 stu)
465 2071 494 2122 et
515 2064 584 2138 ipsa
605 2062 750 2133 absurda3
773 2080 869 2138 neque
891 2064 969 2121 enim
992 2064 1113 2124 adrem
1134 2069 1273 2143 pertinet,
1295 2082 1393 2132 utrum
1414 2077 1445 2134 in

112 2164 217 2225 Gallia
242 2184 282 2224 an
308 2166 339 2224 in
361 2165 434 2223 urbe
455 2164 630 2222 beneficium
652 2164 691 2221 ab
712 2165 892 2239 imperatore
915 2165 1094 2224 conferatur.
1138 2167 1206 2226 Hoc
1227 2173 1326 2246 posito
1348 2177 1447 2250 sequi.

112 2275 160 2325 tur
174 2267 271 2325 verba
286 2265 328 2324 ,de
350 2265 458 2342 quibua
481 2265 599 2342 agimus
621 2284 681 2326 uou
704 2263 911 2340 coniungenda
931 2283 1000 2324 esse
1022 2285 1089 2324 curn
1110 2266 1149 2326 iis
1170 2287 1246 2344 quae
1264 2276 1448 2346 praecedunt

109 2371 206 2444 praes.
231 2371 329 2425 aaran·
349 2367 439 2434 milit,
461 2384 528 2425 cum
550 2384 587 2424 ea
607 2365 796 2443 praefectura
817 2366 849 2424 in
869 2367 942 2425 urbe
964 2367 1167 2428 administrari
1186 2370 1329 2447 debuerit,
1351 2377 1445 2438 multo

113 2469 212 2527 minus
239 2487 307 2526 cum
332 2467 370 2525 iis
398 2486 473 2543 quae
501 2475 666 2542 sequnntur
692 2466 729 2525 de
754 2465 904 2542 legatione
931 2468 1097 2544 legionario
1117 2470 1326 2534 administrata
1345 2477 1376 2534 in
1398 2479 1446 2536 Iu-

114 2569 197 2642 daea,
223 2568 277 2628 sed
298 2585 433 2627 seorsum
455 2566 639 2642 accipienda,
661 2573 693 2625 ut
715 2568 882 2645 significent
899 2586 1008 2628 munus
1028 2570 1105 2628 iuter
1124 2571 1306 2648 legationem
1319 2577 1448 2654 legionis
1495 2617 1498 2620 -

114 2678 144 2729 et
167 2669 389 2746 praefecturam
417 2668 525 2728 aerarii
549 2669 768 2746 interpositum.
811 2668 878 2728 Nec
899 2687 1008 2728 munus
1030 2671 1106 2729 illud
1126 2673 1216 2748 plane
1237 2675 1370 2751 ignotum
1392 2690 1446 2755 est,

115 2771 206 2830 immo
236 2779 305 2847 post
330 2789 380 2842 ea,
407 2789 485 2846 quae
510 2768 548 2827 de
574 2770 871 2846 quinqueiascalibua
899 2771 971 2829 olim
997 2771 1085 2830 docui
1094 2771 1139 2848 ⁴),
1166 2776 1223 2833 hoo
1244 2796 1336 2836 unum
1358 2798 1448 2855 quao-

115 2873 243 2932 rendum
265 2878 411 2949 superest,
438 2877 537 2930 utrum
559 2870 772 2948 intellegantur
793 2871 939 2930 hocloco
960 2872 1053 2948 legati
1074 2875 1204 2951 Augusti
1226 2879 1448 2952 provinciarum

115 2974 272 3050 praetorii,
293 2973 487 3049 magistratus
509 2991 541 3030 re
562 2979 642 3030 certe
663 2971 818 3045 ordinarii,
841 2990 880 3030 an
901 2971 993 3049 legati
1007 2972 1141 3051 Augusti
1161 2986 1249 3036 extra
1268 2980 1401 3041 ordinem
1416 2984 1448 3043 in

116 3073 289 3150 provincias
316 3073 482 3133 senatorias
509 3072 609 3144 missi3
639 3092 707 3132 uam
736 3082 797 3131 tam
823 3073 884 3132 illie
905 3091 995 3148 quam
1017 3073 1064 3132 his
1086 3075 1217 3153 quinque
1237 3079 1335 3139 fasces
1358 3084 1449 3143 tribui

117 3176 265 3235 solebant.
307 3172 436 3234 Videtur
463 3181 562 3232 autem
583 3173 746 3242 Postumus
772 3192 821 3234 ex.
837 3173 894 3232 hoc
919 3191 1028 3248 genere
1053 3177 1149 3250 magia
1174 3177 1270 3237 tuisse
1297 3199 1387 3256 quam
1409 3205 1448 3243 ex

116 3277 177 3336 illo.
215 3275 297 3335 Nam
319 3276 435 3352 legatus
450 3274 582 3351 Augusti
603 3274 668 3332 sive
690 3273 946 3350 quiuqueiascalis
963 3267 1133 3349 provinciae
1148 3275 1360 3354 Lugdunensis
1375 3285 1449 3342 mire

117 3379 267 3437 diceretur
295 3378 445 3436 ordinatae
467 3379 497 3434 ia
522 3373 623 3434 Gallia
643 3375 686 3432 od
704 3376 957 3450 anteperfectam
986 3380 1091 3432 contra
1115 3393 1152 3434 ea
1173 3377 1353 3454 significatio
1375 3386 1449 3445 satis

118 3489 257 3537 murata
283 3477 446 3553 respondet
472 3474 609 3536 Graecae
636 3469 705 3559 πρός
733 3465 814 3531 πέντε
841 3465 974 3555 ῥάβδους
1000 3465 1148 3549 πεμφθεὶς
1175 3476 1214 3536 εἷς
1244 3475 1447 3564 neustriafl).

117 3580 226 3657 Itaque
254 3579 322 3638 talis
351 3577 483 3638 muueris
512 3578 640 3653 primum
669 3576 840 3654 exemplum
865 3573 974 3635 Latine
1001 3575 1146 3652 scriptum
1171 3578 1276 3640 titulus
1302 3581 1449 3647 Cirtensis

119 3680 335 3740 subministrat.

195 3872 220 3936 ¹)
250 3872 291 3922 Cf.
305 3868 464 3923 Staatsrecbt
478 3875 502 3934 1,
517 3873 580 3924 449.
617 3871 699 3924 Omisi
718 3871 755 3921 ibi
775 3871 859 3921 locum
878 3871 946 3921 vitae
959 3865 1121 3924 Serenae
1141 3889 1223 3938 nuper
1241 3879 1343 3942 egregie
1362 3893 1449 3932 emen·

119 3965 206 4014 datum
220 3964 253 4013 ab
266 3963 440 4014 Hirschfeldio
459 3963 578 4026 (Hermes
587 3963 612 4026 3,
624 3963 697 4026 230),
716 3963 762 4012 ubi
774 3969 895 4014 narratur
907 3964 1031 4016 Severum
1044 3971 1206 4028 quaesturam
1220 3969 1347 4032 accepisse
1361 3973 1450 4022 omaso

120 4054 249 4106 tribunatu
267 4055 382 4106 mititare.
1094 4051 1096 4056 ’

195 4145 222 4209 ¹)
250 4147 357 4197 liemon
375 4146 402 4197 in
422 4161 484 4196 ann.
502 4146 562 4195 inst
582 4145 652 4195 arch.
674 4145 753 4206 1851,
774 4145 818 4195 25.

197 4235 223 4298 ⁸)
251 4237 376 4302 Intellego
396 4236 497 4286 titulum
511 4235 591 4286 Orell.
606 4235 677 4287 3456
692 4253 726 4276 ==
739 4231 810 4285 Buta
824 4227 882 4284 dett
897 4232 962 4286 Ina.
977 4235 1047 4286 1845
1060 4250 1086 4300 p.
1098 4237 1150 4286 137
1170 4236 1212 4298 (ci.
1226 4239 1321 4290 ibidem
1335 4243 1449 4306 p.132):

123 4324 180 4378 Sex.
201 4327 290 4378 Aetrr'o
376 4324 470 4378 Feroci
490 4327 631 4378 centurioni
652 4325 779 4394 le9(a'om'a)
797 4323 832 4374 H
851 4323 980 4374 Troianae
995 4325 1091 4390 sortia:
1115 4323 1174 4377 laic
1192 4330 1276 4394 pru'mo
1299 4333 1403 4382 omnium
1422 4350 1452 4386 ex

123 4417 314 4481 camarderio)
330 4417 480 4486 praestaro)
499 4417 623 4485 rigidam)
636 4419 696 4484 irrep.
712 4413 807 4468 Caesar
819 4414 961 4466 Antoninus
973 4415 1040 4482 Aap.
1053 4414 1118 4466 Pius
1129 4433 1160 4484 p.
1172 4433 1203 4484 p.
1217 4418 1327 4471 ordinem
1339 4420 1451 4476 Alexan-

123 4507 196 4559 driae
215 4507 292 4559 dedit.
328 4509 459 4560 Nimirum
480 4508 608 4572 legionem
632 4509 704 4558 illam
723 4515 812 4558 notum
831 4514 870 4557 est
888 4507 1031 4558 constitisse
1049 4507 1234 4560 Alexandriae.
1274 4511 1452 4568 conferendus

124 4605 162 4649 eet
181 4599 258 4650 etiam
277 4601 365 4650 titulus
383 4599 501 4652 Henaeni
519 4615 546 4650 u.
560 4599 647 4652 6773:
667 4613 698 4649 ca
717 4598 765 4664 lep.
784 4595 839 4648 VII
857 4594 896 4649 et.
915 4597 1048 4648 ordinatus
1064 4601 1078 4644 7
1097 4599 1123 4648 iu
1143 4598 1191 4666 lep.
1211 4598 1278 4652 IIII
1293 4601 1362 4670 Scyt.
1381 4609 1452 4658 simi·

124 4689 211 4755 lesque
229 4707 255 4740 n.
270 4689 350 4741 6772.
364 4691 445 4741 ortt.
826 4682 829 4692 ’

200 4779 226 4842 ⁴)
253 4777 370 4834 aeram
388 4780 433 4832 der
451 4778 534 4831 adela
556 4777 692 4830 Gerettrcd.
714 4779 784 4830 1852
804 4795 830 4846 p.
845 4780 907 4830 227.
940 4775 1100 4829 Sraataeetr
1118 4782 1142 4844 l,
1158 4781 1220 4833 308.

201 4869 227 4932 ι)
254 4871 284 4924 0.
297 4873 319 4923 Ι.
333 4871 380 4924 Gr.
398 4871 481 4923 403³.
499 4871 582 4922 4034.
619 4869 745 4924 Similiter
763 4871 816 4920 Dio
836 4862 1453 4942 57,17;ταῖςὒντῇἊσΙᾳπδλισιητςιὶπέ

124 4959 170 5010 rai
192 4959 300 5032 σεισμοῦ
319 4957 488 5023 masticare
512 4951 571 5032 ἀνὴρ
595 4951 779 5030 ἔπρατηγηκῶς
796 4947 842 5012 miv
859 4955 929 5012 aiere
949 4949 1106 5032 ρἀβδοῦχοις
1123 4953 1302 5037 προσετάχθη.
1341 4969 1383 5020 ct,
1402 4971 1453 5020 Tg.

125 5053 191 5108 citra
209 5055 377 5116 auu.i,1’l.
476 5095 478 5102 ,
