3578 5962
584 609 798 664 nummus
816 609 974 664 summe.
1194 679 1199 684 .
1366 594 1440 668 243

115 785 233 844 &etus
258 781 418 842 monetalis
450 780 628 856 significatio
653 780 743 840 facile
774 783 960 858 agnoscitur,
993 786 1048 844 sed
1079 787 1110 846 in
1135 785 1262 864 singulis
1288 789 1442 852 vocabulis

114 883 312 946 restituendis
334 883 436 958 alique
457 881 618 942 difficultas
646 890 706 954 est,
733 885 907 959 praesertim
934 903 1000 945 cum
1027 886 1107 946 tituli
1127 889 1179 947 elii
1201 889 1313 952 Graeci
1333 891 1364 951 iu
1385 892 1442 952 hee

114 1004 149 1046 re
174 985 227 1045 vel
251 986 383 1044 muime
409 984 540 1055 varient,
570 982 747 1042 Latinorum
772 992 870 1042 eutem
898 987 1094 1062 plurimorum
1120 998 1243 1067 propter
1266 993 1443 1070 compendia

115 1086 286 1164 scripturae
307 1103 336 1146 u.
351 1104 380 1145 Α.
396 1102 426 1144 Α.
440 1101 465 1144 r.
481 1101 507 1144 e.
528 1085 591 1144 fere
612 1091 784 1144 constanter
804 1085 939 1144 adhibita
958 1088 1059 1148 nullus
1079 1107 1152 1149 usus
1175 1093 1223 1152 sit.
1265 1095 1302 1152 Id
1323 1094 1443 1172 quidem

116 1187 249 1247 dubimri
269 1205 330 1246 non
344 1194 444 1264 potest
458 1186 548 1262 spatii
568 1186 734 1245 rationibus
756 1186 913 1262 diligenter
925 1191 1092 1264 perpensis,
1113 1193 1186 1266 quin
1199 1197 1318 1276 χρυσοῦ
1336 1197 1444 1258 ultimo

115 1288 184 1348 loco
207 1307 245 1348 ex
267 1288 364 1347 tribus
384 1287 575 1346 metallorum
596 1286 752 1346 vocabulis
769 1286 900 1362 positum
921 1289 1019 1349 fuerit.
1053 1292 1153 1368 Atque
1174 1297 1295 1356 omnino
1317 1304 1442 1376 uterque

116 1390 193 1450 ordo
215 1389 246 1446 in
267 1406 326 1448 usu
345 1389 441 1448 fuisse
462 1389 590 1459 videtur,
611 1389 655 1448 ita
676 1397 709 1446 ut
729 1396 782 1447 aut
802 1408 821 1446 a
840 1388 991 1450 vilissimo
1011 1392 1051 1450 ad
1070 1395 1319 1470 pretiosissimum
1341 1417 1443 1460 escen·

115 1491 248 1563 deretur,
263 1499 314 1550 ant
327 1490 391 1548 vice
406 1507 494 1548 versa
507 1490 546 1548 ab
560 1490 617 1548 hoc
631 1490 669 1548 ad
682 1488 758 1546 illud
773 1489 1009 1551 descenderetur.
1033 1492 1145 1553 Contra
1159 1516 1220 1556 non
1233 1507 1306 1574 puto
1319 1501 1444 1566 bouisse

117 1609 168 1652 oet
190 1598 245 1650 aut
264 1611 367 1652 autam
387 1589 484 1650 medio
504 1591 573 1650 loco
593 1589 749 1668 ponere1).
784 1591 885 1666 Atque
904 1592 983 1652 idem
997 1595 1118 1670 quidem
1133 1599 1216 1670 ordo,
1238 1585 1327 1676 anm
1341 1613 1446 1666 nostre

116 1693 277 1768 inscriptio
291 1692 389 1766 habet,
412 1700 458 1751 est
477 1691 510 1750 in
528 1692 615 1750 titulo
630 1689 732 1752 Samio
752 1692 831 1766 apud
845 1692 1101 1772 Waddingtonum
1114 1697 1218 1759 Foetes
1233 1703 1282 1760 des
1292 1707 1445 1779 provinces

116 1793 287 1870 Aetoliquee
312 1795 347 1852 de
368 1793 495 1870 l'empire
514 1794 638 1852 Romaiu
663 1811 693 1868 p.
716 1793 773 1852 195
798 1794 878 1874 τρννῑν
900 1789 1008 1876 ἀνδρῶν
1028 1800 1150 1872 χαλκοῦ
1174 1791 1298 1884 ἀργύρου
1327 1809 1446 1888 χρυσοῦ

118 1886 408 1979 χαρακτηρινέσνιντος
429 1904 460 1954 et
485 1892 763 1971 apudCiceronem
785 1894 822 1952 de
841 1893 899 1969 leg.
922 1894 951 1968 3,
974 1896 1004 1969 3,
1027 1897 1044 1955 t
1072 1916 1121 1957 oea
1142 1913 1290 1976 arpentum
1310 1923 1447 1966 aurumve

114 1997 230 2074 pollice
249 2000 382 2072 signante
404 2003 435 2055 et
453 1995 653 2070 Pomponium
676 1993 746 2070 Dig.
771 1995 798 2067 1,
822 1993 851 2066 2,
873 1993 902 2065 2,
925 1995 974 2053 30.
1017 1996 1163 2058 Inversus
1185 2001 1260 2061 ordo
1281 2012 1327 2064 est
1347 2006 1380 2066 in
1400 2007 1446 2068 in·

117 2097 283 2174 scriptione
303 2097 405 2156 Attica
424 2096 461 2156 L.
478 2094 584 2169 Sileni,
605 2095 642 2154 de
663 2113 724 2172 que
740 2095 945 2154 Mommsenus
966 2100 1107 2174 exposuit
1128 2118 1220 2178 supra
1239 2123 1268 2180 p.
1286 2103 1339 2164 63:
1365 2109 1446 2190 τρινῒν

117 2193 254 2280 [ἀνδρῶν]
273 2196 480 2274 κτιτατκῘευ]νῖς
502 2196 646 2278 χρ[υ]τοιῖ
665 2187 714 2254 καὶ
734 2187 859 2280 ἇργιῖρου
882 2186 943 2271 [καὶ
957 2198 1112 2274 sperafflati,
1132 2203 1207 2262 etin
1221 2205 1446 2270 titulisLatinis

117 2299 201 2378 apud
224 2297 469 2358 Orelli-Henzen
496 2297 587 2358 6502.
607 2291 733 2373 69152).
779 2294 893 2356 Contra
913 2298 987 2357 ordo
1009 2319 1027 2358 a
1045 2299 1190 2364 Cicerone
1209 2306 1386 2368 observatus
1407 2309 1447 2370 ad

117 2401 190 2460 iam.
215 2399 245 2472 t,
269 2398 307 2459 18
328 2417 401 2459 oure
423 2419 489 2460 uere
509 2409 626 2476 argento
651 2399 763 2458 nullius
784 2399 863 2458 tituli
882 2399 1053 2458 testimonio
1073 2402 1218 2478 firmatur,
1245 2414 1279 2466 ut
1306 2417 1358 2468 aut
1378 2426 1445 2472 eum

118 2503 307 2562 Mommseno
333 2501 382 2560 hie
406 2502 491 2561 locus
518 2520 557 2560 ex
583 2501 636 2559 illo
661 2501 712 2577 qui
740 2507 787 2559 est
807 2501 945 2560 inlibris
968 2502 1005 2562 de
1029 2503 1146 2580 legibus
1165 2507 1373 2569 'emendandus
1395 2521 1448 2570 aut

119 2602 309 2681 neglegentia
340 2603 489 2662 sermonis
521 2602 718 2678 epistolarum
749 2601 922 2664 excusanda
956 2603 1005 2662 sit.
1058 2604 1224 2667 Difficilius
1259 2617 1359 2670 autem
1391 2613 1449 2672 erit

119 2703 295 2778 diiudicata,
320 2703 393 2780 quid
416 2712 488 2781 post
512 2706 628 2787 χρυσοῦ
652 2703 796 2781 scriptum
823 2703 926 2776 fuerit3
953 2711 1042 2780 atque
1068 2705 1140 2767 alibi
1165 2709 1284 2784 quidem
1309 2710 1340 2769 id
1365 2712 1448 2788 quod

119 2815 167 2864 est
192 2803 300 2864 Latine
320 2805 420 2878 flando
440 2806 590 2881 feriando,
622 2801 738 2864 Graece
763 2823 820 2864 uno
847 2805 993 2864 vocabulo
1019 2808 1209 2883 exprimitur,
1237 2820 1269 2872 ut
1294 2811 1327 2870 in
1351 2809 1448 2874 Silani

118 2906 211 2966 titulo
231 2905 334 2965 Attico
356 2905 546 2964 substantivo
566 2905 762 2976 κατασκευῆς,
791 2904 822 2964 in
843 2903 946 2965 Samio
971 2909 1129 2986 participio
1151 2902 1448 2995 χαρακτηριιέταντος,

120 3007 252 3085 permiro
273 3023 345 3064 sans
367 3015 397 3064 ct
422 3007 544 3065 omnino
570 3006 700 3065 soloeco.
745 3003 835 3078 Quod
860 3023 951 3082 quum
978 3025 1053 3066 usus
1081 3028 1267 3069 nummorum
1281 3013 1449 3086 ,dandorum

120 3106 295 3167 iamdudum
318 3107 448 3166 abolitus
470 3115 565 3179 esset,
594 3104 761 3164 mirandum
786 3123 847 3162 non
873 3114 930 3164 est.
980 3105 1095 3166 Temen
1120 3108 1152 3166 in
1176 3118 1280 3167 nostro
1306 3111 1391 3170 titulo
1416 3114 1449 3172 id

120 3209 217 3269 fnisse
237 3225 298 3267 non
319 3215 427 3285 potest,
449 3225 541 3284 quum
561 3213 639 3264 inter
661 3209 806 3263 ΕΥΣΕΩΣ
828 3215 859 3265 et
880 3205 1128 3281 Χ[Ε]ΙΛΙΑΡΧοΝ
1152 3209 1253 3268 decem
1275 3219 1326 3269 aut
1345 3211 1448 3288 plnres

121 3311 228 3370 literas
253 3309 381 3387 periisse
408 3308 515 3367 ceteris
541 3306 677 3366 versibus
703 3305 883 3382 comparatis
909 3314 1022 3381 pateat3
1049 3325 1125 3384 quas
1151 3309 1256 3369 literas
1281 3309 1320 3370 ed
1345 3311 1449 3372 trium·

120 3411 239 3470 viratus
254 3409 410 3468 monetalis
426 3408 673 3487 significationem
687 3407 778 3468 etiam
791 3407 972 3483 pertinuisse
986 3415 1077 3484 patet.
1107 3409 1214 3485 lteque
1228 3411 1287 3470 duo
1301 3413 1450 3474 vocabula

123 3512 241 3588 scripta
260 3510 355 3568 fuisse
375 3509 440 3570 veri
462 3509 647 3567 simillimum
668 3516 724 3581 est,
749 3526 875 3583 quorum
896 3509 981 3585 prins
1007 3509 1038 3566 in
1059 3498 1179 3571 -eo'esm
1199 3512 1303 3571 exiret.
1346 3515 1450 3590 Atque

121 3633 159 3674 ee
180 3612 300 3690 quidem
315 3611 388 3687 quin
409 3619 439 3668 et
453 3610 670 3689 significatione
688 3617 718 3668 et
736 3609 840 3668 ordine
854 3608 1064 3686 responderint
1076 3609 1193 3671 Latinis
1200 3615 1303 3688 flando
1310 3615 1449 3690 sedendo

122 3734 160 3775 eo
183 3714 281 3772 minus
302 3711 415 3784 dubito,
436 3712 507 3788 quie
525 3712 639 3770 frustra
658 3711 842 3786 quaesiveris
863 3712 985 3770 verbum
1001 3708 1149 3772 Graecum
1171 3714 1202 3772 in
1223 3707 1289 3771 ·εν’ω
1310 3715 1361 3774 vel
1382 3716 1450 3774 sub-

123 3814 287 3876 stantivum
308 3814 340 3872 in
360 3835 464 3886 -ευσις,
490 3812 571 3890 quod
591 3810 703 3872 Latino
717 3814 810 3888 scrire
830 3813 1023 3890 respondeat,
1051 3832 1118 3872 cum
1139 3814 1170 3873 in
1184 3818 1281 3892 flandi
1301 3816 1450 3894 significa·

122 3919 206 3976 tione
234 3915 377 3974 usitatum
404 3915 446 3973 sit
471 3905 653 3991 συγχωνεύω
680 3913 729 3974 vel
754 3904 962 3992 καταχωνεύω.
1014 3913 1128 3974 Verum
1156 3917 1276 3993 quidem
1302 3926 1364 3992 est,
1390 3918 1451 3979 boo

123 4035 186 4076 non
211 4022 351 4074 accurate
378 4016 560 4092 respondere
588 4016 753 4074 sententiae
778 4015 916 4075 vocabuli
934 4015 1049 4090 Latini,
1075 4035 1144 4074 nam
1170 4018 1202 4076 in
1228 4019 1451 4079 triumvirorum

123 4115 320 4177 monetalium
342 4116 558 4193 significatione
583 4115 763 4174 vocabulum
780 4118 878 4191 flandi
903 4116 942 4174 ad
966 4119 1097 4192 priscum
1124 4136 1247 4202 morem·
1263 4137 1452 4178 nummorum

124 4217 367 4278 fabricandorum
393 4217 498 4277 referri
523 4217 588 4275 sine
609 4215 700 4276 dubio
720 4225 800 4275 recte
821 4217 1026 4276 Mommsenus
1046 4218 1066 4274 l.
1082 4217 1103 4276 l.
1119 4216 1205 4274 dixit.
1237 4219 1282 4276 At
1301 4215 1451 4278 Graecum

125 4308 328 4396 συγχωνεύειν
352 4318 402 4377 vel
427 4307 642 4394 καταχωνεύειν
672 4335 732 4376 ιιοιι
758 4325 819 4375 tem
848 4316 948 4375 flendo
972 4316 1090 4375 efficere
1110 4334 1263 4376 nummum
1285 4325 1338 4376 aut
1359 4317 1452 4376 artili-

125 4420 205 4478 cium
227 4418 361 4495 aliquod,
383 4437 473 4496 quam
493 4439 511 4478 e
532 4417 682 4478 contrario
705 4418 844 4490 conflare,
866 4417 886 4476 i.
902 4435 927 4474 e.
949 4415 1049 4477 flando
1070 4418 1171 4476 delere
1191 4417 1347 4494 significat.
1391 4414 1453 4479 Sed

126 4519 289 4580 tenendum
314 4527 376 4594 est,
401 4520 499 4598 ipsius
524 4521 569 4580 rel
595 4535 684 4578 usum
708 4518 912 4596 compluribus
938 4518 1069 4578 saeculis
1089 4527 1178 4577 antea
1198 4518 1278 4594 apud
1298 4517 1453 4596 Romaum

206 4860 230 4924 ¹)
254 4861 296 4914 Ne
319 4875 368 4912 nos
391 4861 497 4927 quidem
521 4861 544 4912 si
568 4869 686 4914 accurate
704 4869 731 4912 et
752 4861 889 4928 diligenter
907 4859 992 4912 dicere
1015 4859 1131 4912 volemus
1153 4858 1204 4912 hoc
1226 4859 1319 4914 ordine
1337 4867 1453 4914 utemure

129 4951 218 5016 eote,
237 4949 348 5020 Kupser·
366 4951 420 5004 ond
437 4949 612 5004 silbe-moines.

204 5040 230 5106 ²)
257 5044 359 5096 Horum
387 5045 568 5110 exemplorum
591 5045 686 5096 Latina
710 5043 817 5094 exhibet
840 5037 1017 5094 Mommsenus
1040 5041 1107 5093 Hist.
1131 5042 1170 5093 rei
1193 5043 1353 5096 nummariae
1375 5042 1452 5096 Rom.

128 5149 154 5200 p.
175 5133 228 5188 866
247 5142 301 5188 not.
321 5137 346 5198 2,
368 5135 587 5198 (trascendunt,
611 5149 643 5186 ea
660 5135 821 5200 potissimum
840 5134 873 5185 de
891 5147 970 5187 censa
987 5141 1016 5185 nt
1032 5135 1220 5201 perspiceretur
1237 5135 1265 5188 in
1282 5132 1332 5186 boc
1349 5133 1454 5200 quidem

129 5239 158 5276 re
176 5239 251 5277 nsum
269 5225 431 5281 Graecorum
448 5227 525 5294 plane
543 5228 687 5279 consentire
705 5241 763 5278 cum
781 5226 884 5277 Latino.
