<?xml version="1.0" encoding="UTF-8"?>
<!DOCTYPE html PUBLIC "-//W3C//DTD XHTML 1.0 Transitional//EN"
    "http://www.w3.org/TR/xhtml1/DTD/xhtml1-transitional.dtd">
<html xmlns="http://www.w3.org/1999/xhtml" xml:lang="en" lang="en">
 <head>
  <title>
</title>
<meta http-equiv="Content-Type" content="text/html;charset=utf-8" />
  <meta name='ocr-system' content='tesseract 3.04.00' />
  <meta name='ocr-capabilities' content='ocr_page ocr_carea ocr_par ocr_line ocrx_word'/>
</head>
<body>
  <div class='ocr_page' id='page_1' title='image "./ephemerisepigra19instgoog_0294.png"; bbox 0 0 3578 5962; ppageno 0'>
   <div class='ocr_carea' id='block_1_1' title="bbox 647 622 860 678">
    <p class='ocr_par' dir='ltr' id='par_1_1' title="bbox 647 622 860 678">
     <span class='ocr_line' id='line_1_1' title="bbox 647 622 860 678; baseline 0 -2"><span class='ocrx_word' id='word_1_1' title='bbox 647 622 860 678; x_wconf 81' lang='lat' dir='ltr'>PAOIVOLVS.</span> 
     </span>
    </p>
   </div>
   <div class='ocr_carea' id='block_1_2' title="bbox 220 853 241 912">
    <p class='ocr_par' dir='ltr' id='par_1_2' title="bbox 220 853 241 912">
     <span class='ocr_line' id='line_1_2' title="bbox 220 853 241 912; baseline 0 0"><span class='ocrx_word' id='word_1_2' title='bbox 220 853 241 912; x_wconf 89' lang='grc' dir='ltr'><strong>Ρ</strong></span> 
     </span>
    </p>
   </div>
   <div class='ocr_carea' id='block_1_3' title="bbox 103 1006 1426 1578">
    <p class='ocr_par' dir='ltr' id='par_1_3' title="bbox 103 1006 1426 1578">
     <span class='ocr_line' id='line_1_3' title="bbox 179 1006 1425 1095; baseline 0.003 -25"><span class='ocrx_word' id='word_1_3' title='bbox 179 1007 294 1085; x_wconf 82' lang='lat' dir='ltr'>Questa</span> <span class='ocrx_word' id='word_1_4' title='bbox 313 1009 422 1069; x_wconf 75' lang='lat' dir='ltr'>lettera</span> <span class='ocrx_word' id='word_1_5' title='bbox 443 1006 499 1067; x_wconf 88' lang='lat' dir='ltr'>.P.</span> <span class='ocrx_word' id='word_1_6' title='bbox 524 1007 550 1066; x_wconf 83' lang='lat' dir='ltr'>ai</span> <span class='ocrx_word' id='word_1_7' title='bbox 571 1025 646 1067; x_wconf 86' lang='lat' dir='ltr'>caua</span> <span class='ocrx_word' id='word_1_8' title='bbox 667 1006 714 1068; x_wconf 89' lang='lat' dir='ltr'>del</span> <span class='ocrx_word' id='word_1_9' title='bbox 736 1008 828 1066; x_wconf 80' lang='lat' dir='ltr'>tondo</span> <span class='ocrx_word' id='word_1_10' title='bbox 850 1006 936 1066; x_wconf 88' lang='lat' dir='ltr'>edel</span> <span class='ocrx_word' id='word_1_11' title='bbox 950 1024 1006 1067; x_wconf 88' lang='lat' dir='ltr'>sno</span> <span class='ocrx_word' id='word_1_12' title='bbox 1019 1007 1144 1085; x_wconf 83' lang='lat' dir='ltr'>quadro.</span> <span class='ocrx_word' id='word_1_13' title='bbox 1177 1011 1224 1073; x_wconf 91' lang='lat' dir='ltr'>La</span> <span class='ocrx_word' id='word_1_14' title='bbox 1245 1030 1302 1075; x_wconf 80' lang='lat' dir='ltr'>sna</span> <span class='ocrx_word' id='word_1_15' title='bbox 1315 1021 1425 1095; x_wconf 79' lang='lat' dir='ltr'>gamba</span> 
     </span>
     <span class='ocr_line' id='line_1_4' title="bbox 104 1108 1425 1199; baseline 0.005 -27"><span class='ocrx_word' id='word_1_16' title='bbox 104 1130 204 1192; x_wconf 77' lang='lat' dir='ltr'>grossa</span> <span class='ocrx_word' id='word_1_17' title='bbox 224 1112 274 1171; x_wconf 88' lang='lat' dir='ltr'>uol</span> <span class='ocrx_word' id='word_1_18' title='bbox 295 1128 379 1172; x_wconf 81' lang='lat' dir='ltr'>esser</span> <span class='ocrx_word' id='word_1_19' title='bbox 401 1110 437 1168; x_wconf 86' lang='lat' dir='ltr'>de</span> <span class='ocrx_word' id='word_1_20' title='bbox 459 1110 487 1168; x_wconf 88' lang='lat' dir='ltr'>le</span> <span class='ocrx_word' id='word_1_21' title='bbox 509 1128 586 1168; x_wconf 86' lang='lat' dir='ltr'>noue</span> <span class='ocrx_word' id='word_1_22' title='bbox 600 1108 679 1186; x_wconf 81' lang='lat' dir='ltr'>parti</span> <span class='ocrx_word' id='word_1_23' title='bbox 698 1109 780 1182; x_wconf 85' lang='lat' dir='ltr'>luna,</span> <span class='ocrx_word' id='word_1_24' title='bbox 799 1109 831 1168; x_wconf 82' lang='lat' dir='ltr'>la</span> <span class='ocrx_word' id='word_1_25' title='bbox 845 1109 941 1168; x_wconf 81' lang='lat' dir='ltr'>forma</span> <span class='ocrx_word' id='word_1_26' title='bbox 961 1110 1010 1170; x_wconf 87' lang='lat' dir='ltr'>del</span> <span class='ocrx_word' id='word_1_27' title='bbox 1023 1111 1116 1171; x_wconf 87' lang='lat' dir='ltr'>tondo</span> <span class='ocrx_word' id='word_1_28' title='bbox 1137 1113 1187 1173; x_wconf 90' lang='lat' dir='ltr'>uol</span> <span class='ocrx_word' id='word_1_29' title='bbox 1208 1132 1292 1177; x_wconf 75' lang='lat' dir='ltr'>esser</span> <span class='ocrx_word' id='word_1_30' title='bbox 1312 1124 1425 1199; x_wconf 77' lang='lat' dir='ltr'>grande</span> 
     </span>
     <span class='ocr_line' id='line_1_5' title="bbox 104 1210 1426 1293; baseline 0.009 -19"><span class='ocrx_word' id='word_1_31' title='bbox 104 1233 209 1274; x_wconf 86' lang='lat' dir='ltr'>comme</span> <span class='ocrx_word' id='word_1_32' title='bbox 235 1213 338 1291; x_wconf 89' lang='lat' dir='ltr'>quella</span> <span class='ocrx_word' id='word_1_33' title='bbox 358 1211 408 1271; x_wconf 89' lang='lat' dir='ltr'>del</span> <span class='ocrx_word' id='word_1_34' title='bbox 430 1210 484 1270; x_wconf 92' lang='lat' dir='ltr'>.B.</span> <span class='ocrx_word' id='word_1_35' title='bbox 507 1210 546 1270; x_wconf 91' lang='lat' dir='ltr'>da</span> <span class='ocrx_word' id='word_1_36' title='bbox 566 1211 673 1284; x_wconf 83' lang='lat' dir='ltr'>basso,</span> <span class='ocrx_word' id='word_1_37' title='bbox 695 1230 711 1270; x_wconf 89' lang='lat' dir='ltr'>e</span> <span class='ocrx_word' id='word_1_38' title='bbox 738 1211 770 1269; x_wconf 92' lang='lat' dir='ltr'>la</span> <span class='ocrx_word' id='word_1_39' title='bbox 790 1229 846 1271; x_wconf 82' lang='lat' dir='ltr'>sua</span> <span class='ocrx_word' id='word_1_40' title='bbox 867 1229 1011 1288; x_wconf 79' lang='lat' dir='ltr'>grosseza</span> <span class='ocrx_word' id='word_1_41' title='bbox 1030 1213 1067 1273; x_wconf 87' lang='lat' dir='ltr'>de</span> <span class='ocrx_word' id='word_1_42' title='bbox 1088 1213 1119 1274; x_wconf 89' lang='lat' dir='ltr'>la</span> <span class='ocrx_word' id='word_1_43' title='bbox 1138 1217 1247 1293; x_wconf 85' lang='lat' dir='ltr'>paneia</span> <span class='ocrx_word' id='word_1_44' title='bbox 1268 1222 1320 1282; x_wconf 88' lang='lat' dir='ltr'>uol</span> <span class='ocrx_word' id='word_1_45' title='bbox 1341 1242 1426 1286; x_wconf 76' lang='lat' dir='ltr'>esser</span> 
     </span>
     <span class='ocr_line' id='line_1_6' title="bbox 103 1313 1424 1392; baseline 0.011 -18"><span class='ocrx_word' id='word_1_46' title='bbox 103 1325 179 1374; x_wconf 80' lang='lat' dir='ltr'>tanto</span> <span class='ocrx_word' id='word_1_47' title='bbox 199 1323 311 1392; x_wconf 86' lang='lat' dir='ltr'>quanto</span> <span class='ocrx_word' id='word_1_48' title='bbox 332 1315 364 1373; x_wconf 86' lang='lat' dir='ltr'>la</span> <span class='ocrx_word' id='word_1_49' title='bbox 383 1313 493 1390; x_wconf 83' lang='lat' dir='ltr'>gamba</span> <span class='ocrx_word' id='word_1_50' title='bbox 506 1330 613 1390; x_wconf 83' lang='lat' dir='ltr'>grossa</span> <span class='ocrx_word' id='word_1_51' title='bbox 635 1331 651 1372; x_wconf 91' lang='lat' dir='ltr'>e</span> <span class='ocrx_word' id='word_1_52' title='bbox 673 1313 698 1372; x_wconf 81' lang='lat' dir='ltr'>si</span> <span class='ocrx_word' id='word_1_53' title='bbox 714 1313 765 1371; x_wconf 89' lang='lat' dir='ltr'>nol</span> <span class='ocrx_word' id='word_1_54' title='bbox 787 1313 949 1391; x_wconf 80' lang='lat' dir='ltr'>principiar</span> <span class='ocrx_word' id='word_1_55' title='bbox 970 1315 1046 1373; x_wconf 84' lang='lat' dir='ltr'>ditta</span> <span class='ocrx_word' id='word_1_56' title='bbox 1058 1317 1165 1378; x_wconf 85' lang='lat' dir='ltr'>lettera</span> <span class='ocrx_word' id='word_1_57' title='bbox 1186 1321 1223 1379; x_wconf 92' lang='lat' dir='ltr'>da</span> <span class='ocrx_word' id='word_1_58' title='bbox 1244 1321 1272 1381; x_wconf 91' lang='lat' dir='ltr'>le</span> <span class='ocrx_word' id='word_1_59' title='bbox 1294 1327 1424 1388; x_wconf 83' lang='lat' dir='ltr'>croeiere</span> 
     </span>
     <span class='ocr_line' id='line_1_7' title="bbox 103 1414 1423 1506; baseline 0.011 -31"><span class='ocrx_word' id='word_1_60' title='bbox 103 1417 146 1476; x_wconf 86' lang='lat' dir='ltr'>del</span> <span class='ocrx_word' id='word_1_61' title='bbox 171 1417 262 1476; x_wconf 81' lang='lat' dir='ltr'>tendo</span> <span class='ocrx_word' id='word_1_62' title='bbox 288 1415 403 1494; x_wconf 82' lang='lat' dir='ltr'>grande</span> <span class='ocrx_word' id='word_1_63' title='bbox 427 1417 492 1475; x_wconf 87' lang='lat' dir='ltr'>cioe</span> <span class='ocrx_word' id='word_1_64' title='bbox 521 1415 560 1474; x_wconf 88' lang='lat' dir='ltr'>da</span> <span class='ocrx_word' id='word_1_65' title='bbox 586 1415 615 1473; x_wconf 90' lang='lat' dir='ltr'>le</span> <span class='ocrx_word' id='word_1_66' title='bbox 642 1414 863 1474; x_wconf 85' lang='lat' dir='ltr'>intersecationi</span> <span class='ocrx_word' id='word_1_67' title='bbox 889 1416 926 1474; x_wconf 89' lang='lat' dir='ltr'>de</span> <span class='ocrx_word' id='word_1_68' title='bbox 953 1417 976 1474; x_wconf 91' lang='lat' dir='ltr'>li</span> <span class='ocrx_word' id='word_1_69' title='bbox 1002 1416 1188 1479; x_wconf 75' lang='lat' dir='ltr'>diametri&amp;</span> <span class='ocrx_word' id='word_1_70' title='bbox 1215 1424 1259 1482; x_wconf 82' lang='lat' dir='ltr'>sie</span> <span class='ocrx_word' id='word_1_71' title='bbox 1280 1428 1338 1486; x_wconf 85' lang='lat' dir='ltr'>erit</span> <span class='ocrx_word' id='word_1_72' title='bbox 1358 1449 1423 1506; x_wconf 85' lang='lat' dir='ltr'>per·</span> 
     </span>
     <span class='ocr_line' id='line_1_8' title="bbox 103 1519 266 1578; baseline 0.006 -2"><span class='ocrx_word' id='word_1_73' title='bbox 103 1519 266 1578; x_wconf 83' lang='lat' dir='ltr'>fectissima.</span> 
     </span>
    </p>
   </div>
   <div class='ocr_carea' id='block_1_4' title="bbox 219 1691 280 1768">
    <p class='ocr_par' dir='ltr' id='par_1_4' title="bbox 219 1691 280 1768">
     <span class='ocr_line' id='line_1_9' title="bbox 219 1691 280 1768; baseline 0 0"><span class='ocrx_word' id='word_1_74' title='bbox 219 1691 280 1768; x_wconf 67' lang='lat' dir='ltr'>Q</span> 
     </span>
    </p>
   </div>
   <div class='ocr_carea' id='block_1_5' title="bbox 104 1843 1441 2638">
    <p class='ocr_par' dir='ltr' id='par_1_5' title="bbox 104 1843 1441 2638">
     <span class='ocr_line' id='line_1_10' title="bbox 124 1843 1428 1922; baseline 0.01 -16"><span class='ocrx_word' id='word_1_75' title='bbox 124 1861 126 1868; x_wconf 79' lang='grc'><strong>“</strong></span> <span class='ocrx_word' id='word_1_76' title='bbox 180 1845 296 1922; x_wconf 77' lang='lat' dir='ltr'>Quanta</span> <span class='ocrx_word' id='word_1_77' title='bbox 309 1847 405 1906; x_wconf 84' lang='lat' dir='ltr'>letera</span> <span class='ocrx_word' id='word_1_78' title='bbox 426 1843 484 1921; x_wconf 82' lang='lat' dir='ltr'>.Q.</span> <span class='ocrx_word' id='word_1_79' title='bbox 507 1864 622 1906; x_wconf 81' lang='lat' dir='ltr'>comme</span> <span class='ocrx_word' id='word_1_80' title='bbox 636 1845 759 1922; x_wconf 81' lang='lat' dir='ltr'>disopra</span> <span class='ocrx_word' id='word_1_81' title='bbox 771 1844 847 1904; x_wconf 78' lang='lat' dir='ltr'>dissi</span> <span class='ocrx_word' id='word_1_82' title='bbox 869 1863 902 1904; x_wconf 82' lang='lat' dir='ltr'>ae</span> <span class='ocrx_word' id='word_1_83' title='bbox 916 1865 991 1906; x_wconf 84' lang='lat' dir='ltr'>cana</span> <span class='ocrx_word' id='word_1_84' title='bbox 1004 1847 1054 1906; x_wconf 89' lang='lat' dir='ltr'>del</span> <span class='ocrx_word' id='word_1_85' title='bbox 1073 1847 1133 1908; x_wconf 79' lang='grc'>,0.</span> <span class='ocrx_word' id='word_1_86' title='bbox 1162 1853 1348 1915; x_wconf 83' lang='lat' dir='ltr'>terminando</span> <span class='ocrx_word' id='word_1_87' title='bbox 1371 1876 1428 1920; x_wconf 79' lang='lat' dir='ltr'>aua</span> 
     </span>
     <span class='ocr_line' id='line_1_11' title="bbox 105 1945 1441 2031; baseline 0.01 -23"><span class='ocrx_word' id='word_1_88' title='bbox 105 1949 205 2024; x_wconf 79' lang='lat' dir='ltr'>gamba</span> <span class='ocrx_word' id='word_1_89' title='bbox 222 1957 267 2008; x_wconf 83' lang='lat' dir='ltr'>tre</span> <span class='ocrx_word' id='word_1_90' title='bbox 282 1955 358 2008; x_wconf 80' lang='lat' dir='ltr'>teste</span> <span class='ocrx_word' id='word_1_91' title='bbox 373 1949 481 2007; x_wconf 81' lang='lat' dir='ltr'>desua</span> <span class='ocrx_word' id='word_1_92' title='bbox 502 1948 616 2007; x_wconf 78' lang='lat' dir='ltr'>altena</span> <span class='ocrx_word' id='word_1_93' title='bbox 631 1954 710 2008; x_wconf 83' lang='lat' dir='ltr'><strong>sotto</strong></span> <span class='ocrx_word' id='word_1_94' title='bbox 733 1947 761 2005; x_wconf 90' lang='lat' dir='ltr'>el</span> <span class='ocrx_word' id='word_1_95' title='bbox 776 1945 919 2024; x_wconf 86' lang='lat' dir='ltr'>quadrato</span> <span class='ocrx_word' id='word_1_96' title='bbox 942 1949 1006 2006; x_wconf 84' lang='lat' dir='ltr'>cioe</span> <span class='ocrx_word' id='word_1_97' title='bbox 1031 1948 1068 2008; x_wconf 91' lang='lat' dir='ltr'>de</span> <span class='ocrx_word' id='word_1_98' title='bbox 1090 1951 1119 2010; x_wconf 83' lang='lat' dir='ltr'>le</span> <span class='ocrx_word' id='word_1_99' title='bbox 1139 1968 1217 2012; x_wconf 90' lang='lat' dir='ltr'>noue</span> <span class='ocrx_word' id='word_1_100' title='bbox 1238 1957 1316 2031; x_wconf 84' lang='lat' dir='ltr'>parti</span> <span class='ocrx_word' id='word_1_101' title='bbox 1338 1960 1368 2019; x_wconf 92' lang='lat' dir='ltr'>le</span> <span class='ocrx_word' id='word_1_102' title='bbox 1383 1953 1441 2020; x_wconf 81' lang='lat' dir='ltr'>tre¹</span> 
     </span>
     <span class='ocr_line' id='line_1_12' title="bbox 105 2047 1427 2137; baseline 0.001 -29"><span class='ocrx_word' id='word_1_103' title='bbox 105 2051 149 2110; x_wconf 88' lang='lat' dir='ltr'>del</span> <span class='ocrx_word' id='word_1_104' title='bbox 169 2069 222 2110; x_wconf 81' lang='lat' dir='ltr'>nuo</span> <span class='ocrx_word' id='word_1_105' title='bbox 244 2051 393 2128; x_wconf 85' lang='lat' dir='ltr'>quadrato</span> <span class='ocrx_word' id='word_1_106' title='bbox 415 2069 507 2108; x_wconf 88' lang='lat' dir='ltr'>onero</span> <span class='ocrx_word' id='word_1_107' title='bbox 530 2050 675 2108; x_wconf 84' lang='lat' dir='ltr'>diametro</span> <span class='ocrx_word' id='word_1_108' title='bbox 698 2047 747 2108; x_wconf 89' lang='lat' dir='ltr'>del</span> <span class='ocrx_word' id='word_1_109' title='bbox 768 2066 822 2107; x_wconf 84' lang='lat' dir='ltr'>suo</span> <span class='ocrx_word' id='word_1_110' title='bbox 844 2049 936 2108; x_wconf 84' lang='lat' dir='ltr'>tondo</span> <span class='ocrx_word' id='word_1_111' title='bbox 958 2068 1073 2111; x_wconf 89' lang='lat' dir='ltr'>comme</span> <span class='ocrx_word' id='word_1_112' title='bbox 1095 2053 1146 2128; x_wconf 90' lang='lat' dir='ltr'>qni</span> <span class='ocrx_word' id='word_1_113' title='bbox 1168 2072 1280 2131; x_wconf 86' lang='lat' dir='ltr'>appare</span> <span class='ocrx_word' id='word_1_114' title='bbox 1302 2078 1427 2137; x_wconf 80' lang='lat' dir='ltr'>propor.</span> 
     </span>
     <span class='ocr_line' id='line_1_13' title="bbox 106 2149 1427 2232; baseline 0.01 -23"><span class='ocrx_word' id='word_1_115' title='bbox 106 2153 221 2224; x_wconf 78' lang='lat' dir='ltr'>tionata,</span> <span class='ocrx_word' id='word_1_116' title='bbox 242 2152 395 2232; x_wconf 81' lang='lat' dir='ltr'>guidando</span> <span class='ocrx_word' id='word_1_117' title='bbox 418 2153 446 2211; x_wconf 89' lang='lat' dir='ltr'>le</span> <span class='ocrx_word' id='word_1_118' title='bbox 467 2170 562 2228; x_wconf 81' lang='lat' dir='ltr'>penne</span> <span class='ocrx_word' id='word_1_119' title='bbox 578 2167 682 2229; x_wconf 83' lang='lat' dir='ltr'>grosse</span> <span class='ocrx_word' id='word_1_120' title='bbox 704 2169 720 2208; x_wconf 86' lang='lat' dir='ltr'>e</span> <span class='ocrx_word' id='word_1_121' title='bbox 743 2167 796 2208; x_wconf 80' lang='lat' dir='ltr'>sue</span> <span class='ocrx_word' id='word_1_122' title='bbox 812 2149 894 2208; x_wconf 77' lang='lat' dir='ltr'>sutili</span> <span class='ocrx_word' id='word_1_123' title='bbox 916 2152 1054 2228; x_wconf 83' lang='lat' dir='ltr'>opposite</span> <span class='ocrx_word' id='word_1_124' title='bbox 1076 2163 1219 2229; x_wconf 83' lang='lat' dir='ltr'>aponeto</span> <span class='ocrx_word' id='word_1_125' title='bbox 1240 2176 1355 2220; x_wconf 86' lang='lat' dir='ltr'>comme</span> <span class='ocrx_word' id='word_1_126' title='bbox 1377 2163 1427 2222; x_wconf 90' lang='lat' dir='ltr'>del</span> 
     </span>
     <span class='ocr_line' id='line_1_14' title="bbox 105 2251 1427 2333; baseline 0.009 -22"><span class='ocrx_word' id='word_1_127' title='bbox 105 2253 159 2314; x_wconf 90' lang='lat'>.0.</span> <span class='ocrx_word' id='word_1_128' title='bbox 178 2255 209 2313; x_wconf 88' lang='lat' dir='ltr'>fo</span> <span class='ocrx_word' id='word_1_129' title='bbox 232 2254 321 2314; x_wconf 85' lang='lat' dir='ltr'>dieto.</span> <span class='ocrx_word' id='word_1_130' title='bbox 357 2254 385 2313; x_wconf 83' lang='grc' dir='ltr'>Ε</span> <span class='ocrx_word' id='word_1_131' title='bbox 400 2254 430 2312; x_wconf 93' lang='lat' dir='ltr'>la</span> <span class='ocrx_word' id='word_1_132' title='bbox 444 2273 500 2314; x_wconf 79' lang='lat' dir='ltr'>ana</span> <span class='ocrx_word' id='word_1_133' title='bbox 513 2253 623 2331; x_wconf 79' lang='lat' dir='ltr'>gamba</span> <span class='ocrx_word' id='word_1_134' title='bbox 638 2252 690 2310; x_wconf 86' lang='lat' dir='ltr'>nol</span> <span class='ocrx_word' id='word_1_135' title='bbox 710 2269 794 2311; x_wconf 82' lang='lat' dir='ltr'>esser</span> <span class='ocrx_word' id='word_1_136' title='bbox 812 2251 904 2330; x_wconf 85' lang='lat' dir='ltr'>longa</span> <span class='ocrx_word' id='word_1_137' title='bbox 925 2271 1002 2311; x_wconf 87' lang='lat' dir='ltr'>none</span> <span class='ocrx_word' id='word_1_138' title='bbox 1018 2262 1094 2312; x_wconf 83' lang='lat' dir='ltr'>teste</span> <span class='ocrx_word' id='word_1_139' title='bbox 1109 2255 1173 2313; x_wconf 85' lang='lat' dir='ltr'>eioe</span> <span class='ocrx_word' id='word_1_140' title='bbox 1188 2255 1299 2333; x_wconf 70' lang='lat' dir='ltr'>qnando</span> <span class='ocrx_word' id='word_1_141' title='bbox 1321 2263 1349 2321; x_wconf 92' lang='lat' dir='ltr'>el</span> <span class='ocrx_word' id='word_1_142' title='bbox 1371 2281 1427 2322; x_wconf 83' lang='lat' dir='ltr'>sno</span> 
     </span>
     <span class='ocr_line' id='line_1_15' title="bbox 105 2353 1426 2434; baseline 0.006 -20"><span class='ocrx_word' id='word_1_143' title='bbox 105 2355 242 2432; x_wconf 85' lang='lat' dir='ltr'>quadrato</span> <span class='ocrx_word' id='word_1_144' title='bbox 265 2354 470 2434; x_wconf 85' lang='lat' dir='ltr'>areetangnlo,</span> <span class='ocrx_word' id='word_1_145' title='bbox 500 2374 516 2412; x_wconf 88' lang='lat' dir='ltr'>e</span> <span class='ocrx_word' id='word_1_146' title='bbox 537 2355 569 2414; x_wconf 85' lang='lat' dir='ltr'>la</span> <span class='ocrx_word' id='word_1_147' title='bbox 589 2353 649 2414; x_wconf 87' lang='lat' dir='ltr'>fine</span> <span class='ocrx_word' id='word_1_148' title='bbox 671 2353 723 2412; x_wconf 89' lang='lat' dir='ltr'>nol</span> <span class='ocrx_word' id='word_1_149' title='bbox 744 2369 828 2412; x_wconf 80' lang='lat' dir='ltr'>esser</span> <span class='ocrx_word' id='word_1_150' title='bbox 849 2354 912 2412; x_wconf 84' lang='lat' dir='ltr'>alta</span> <span class='ocrx_word' id='word_1_151' title='bbox 933 2354 962 2413; x_wconf 92' lang='lat' dir='ltr'>la</span> <span class='ocrx_word' id='word_1_152' title='bbox 983 2365 1092 2430; x_wconf 83' lang='lat' dir='ltr'>poneta</span> <span class='ocrx_word' id='word_1_153' title='bbox 1113 2356 1143 2414; x_wconf 88' lang='lat' dir='ltr'>in</span> <span class='ocrx_word' id='word_1_154' title='bbox 1166 2375 1202 2418; x_wconf 84' lang='lat' dir='ltr'>su</span> <span class='ocrx_word' id='word_1_155' title='bbox 1226 2379 1265 2418; x_wconf 92' lang='lat' dir='ltr'>un</span> <span class='ocrx_word' id='word_1_156' title='bbox 1287 2379 1367 2421; x_wconf 93' lang='lat' dir='ltr'>nono</span> <span class='ocrx_word' id='word_1_157' title='bbox 1390 2363 1426 2422; x_wconf 90' lang='lat' dir='ltr'>de</span> 
     </span>
     <span class='ocr_line' id='line_1_16' title="bbox 105 2454 1428 2536; baseline 0.005 -21"><span class='ocrx_word' id='word_1_158' title='bbox 105 2457 223 2520; x_wconf 85' lang='lat' dir='ltr'>laltezza</span> <span class='ocrx_word' id='word_1_159' title='bbox 248 2458 403 2535; x_wconf 72' lang='lat' dir='ltr'>sequendo</span> <span class='ocrx_word' id='word_1_160' title='bbox 431 2458 463 2516; x_wconf 89' lang='lat' dir='ltr'>la</span> <span class='ocrx_word' id='word_1_161' title='bbox 488 2457 606 2517; x_wconf 87' lang='lat' dir='ltr'>curuita</span> <span class='ocrx_word' id='word_1_162' title='bbox 632 2454 670 2514; x_wconf 90' lang='lat' dir='ltr'>de</span> <span class='ocrx_word' id='word_1_163' title='bbox 697 2454 728 2514; x_wconf 90' lang='lat' dir='ltr'>la</span> <span class='ocrx_word' id='word_1_164' title='bbox 748 2472 847 2531; x_wconf 88' lang='lat' dir='ltr'>penna</span> <span class='ocrx_word' id='word_1_165' title='bbox 868 2474 925 2514; x_wconf 85' lang='lat' dir='ltr'>eon</span> <span class='ocrx_word' id='word_1_166' title='bbox 953 2455 983 2514; x_wconf 89' lang='lat' dir='ltr'>la</span> <span class='ocrx_word' id='word_1_167' title='bbox 1011 2457 1223 2536; x_wconf 81' lang='lat' dir='ltr'>degradatione</span> <span class='ocrx_word' id='word_1_168' title='bbox 1252 2461 1288 2522; x_wconf 88' lang='lat' dir='ltr'>de</span> <span class='ocrx_word' id='word_1_169' title='bbox 1315 2463 1345 2522; x_wconf 90' lang='lat' dir='ltr'>la</span> <span class='ocrx_word' id='word_1_170' title='bbox 1372 2483 1428 2524; x_wconf 84' lang='lat' dir='ltr'>sua</span> 
     </span>
     <span class='ocr_line' id='line_1_17' title="bbox 104 2577 264 2638; baseline 0.006 -19"><span class='ocrx_word' id='word_1_171' title='bbox 104 2577 264 2638; x_wconf 78' lang='lat' dir='ltr'>gronaezza.</span> 
     </span>
    </p>
   </div>
   <div class='ocr_carea' id='block_1_6' title="bbox 220 2733 247 2791">
    <p class='ocr_par' dir='ltr' id='par_1_6' title="bbox 220 2733 247 2791">
     <span class='ocr_line' id='line_1_18' title="bbox 220 2733 247 2791; baseline 0 0"><span class='ocrx_word' id='word_1_172' title='bbox 220 2733 247 2791; x_wconf 86' lang='lat' dir='ltr'>R</span> 
     </span>
    </p>
   </div>
   <div class='ocr_carea' id='block_1_7' title="bbox 104 2878 1430 3378">
    <p class='ocr_par' dir='ltr' id='par_1_7' title="bbox 104 2878 1430 3378">
     <span class='ocr_line' id='line_1_19' title="bbox 181 2878 1430 2962; baseline 0.006 -15"><span class='ocrx_word' id='word_1_173' title='bbox 181 2886 299 2962; x_wconf 80' lang='lat' dir='ltr'>Questa</span> <span class='ocrx_word' id='word_1_174' title='bbox 318 2887 425 2947; x_wconf 81' lang='lat' dir='ltr'>lettera</span> <span class='ocrx_word' id='word_1_175' title='bbox 445 2887 503 2947; x_wconf 78' lang='lat' dir='ltr'>.B.</span> <span class='ocrx_word' id='word_1_176' title='bbox 525 2905 558 2947; x_wconf 82' lang='lat' dir='ltr'>se</span> <span class='ocrx_word' id='word_1_177' title='bbox 579 2903 654 2946; x_wconf 81' lang='lat' dir='ltr'>cane</span> <span class='ocrx_word' id='word_1_178' title='bbox 675 2886 712 2945; x_wconf 91' lang='lat' dir='ltr'>de</span> <span class='ocrx_word' id='word_1_179' title='bbox 733 2887 765 2945; x_wconf 92' lang='lat' dir='ltr'>la</span> <span class='ocrx_word' id='word_1_180' title='bbox 784 2888 893 2946; x_wconf 87' lang='lat' dir='ltr'>lettera</span> <span class='ocrx_word' id='word_1_181' title='bbox 914 2885 980 2961; x_wconf 90' lang='lat' dir='ltr'><strong>.B.,</strong></span> <span class='ocrx_word' id='word_1_182' title='bbox 1002 2889 1030 2947; x_wconf 89' lang='lat' dir='ltr'>el</span> <span class='ocrx_word' id='word_1_183' title='bbox 1052 2907 1107 2949; x_wconf 85' lang='lat' dir='ltr'>sno</span> <span class='ocrx_word' id='word_1_184' title='bbox 1121 2891 1212 2949; x_wconf 87' lang='lat' dir='ltr'>tondo</span> <span class='ocrx_word' id='word_1_185' title='bbox 1228 2893 1272 2952; x_wconf 79' lang='lat' dir='ltr'>eie</span> <span class='ocrx_word' id='word_1_186' title='bbox 1291 2878 1336 2952; x_wconf 68' lang='lat' dir='ltr'>de¹</span> <span class='ocrx_word' id='word_1_187' title='bbox 1350 2902 1430 2954; x_wconf 77' lang='lat' dir='ltr'><strong>sotto</strong></span> 
     </span>
     <span class='ocr_line' id='line_1_20' title="bbox 105 2987 1429 3066; baseline 0.006 -18"><span class='ocrx_word' id='word_1_188' title='bbox 105 2989 148 3048; x_wconf 82' lang='lat' dir='ltr'>dal</span> <span class='ocrx_word' id='word_1_189' title='bbox 167 2999 269 3050; x_wconf 82' lang='lat' dir='ltr'>centro</span> <span class='ocrx_word' id='word_1_190' title='bbox 292 3009 352 3048; x_wconf 89' lang='lat' dir='ltr'>nna</span> <span class='ocrx_word' id='word_1_191' title='bbox 374 3009 458 3048; x_wconf 85' lang='lat' dir='ltr'>meza</span> <span class='ocrx_word' id='word_1_192' title='bbox 478 2991 595 3066; x_wconf 83' lang='lat' dir='ltr'>gamba.</span> <span class='ocrx_word' id='word_1_193' title='bbox 638 2987 731 3047; x_wconf 87' lang='lat' dir='ltr'>Tutta</span> <span class='ocrx_word' id='word_1_194' title='bbox 757 2997 864 3063; x_wconf 82' lang='lat' dir='ltr'>questa</span> <span class='ocrx_word' id='word_1_195' title='bbox 888 2987 996 3049; x_wconf 82' lang='lat' dir='ltr'>lettera</span> <span class='ocrx_word' id='word_1_196' title='bbox 1018 2991 1070 3048; x_wconf 88' lang='lat' dir='ltr'>nol</span> <span class='ocrx_word' id='word_1_197' title='bbox 1097 3009 1180 3050; x_wconf 84' lang='lat' dir='ltr'>esser</span> <span class='ocrx_word' id='word_1_198' title='bbox 1206 2993 1312 3054; x_wconf 80' lang='lat' dir='ltr'>dentro</span> <span class='ocrx_word' id='word_1_199' title='bbox 1338 2995 1374 3053; x_wconf 91' lang='lat' dir='ltr'>de</span> <span class='ocrx_word' id='word_1_200' title='bbox 1400 2998 1429 3056; x_wconf 87' lang='lat' dir='ltr'>le</span> 
     </span>
     <span class='ocr_line' id='line_1_21' title="bbox 104 3089 1427 3172; baseline 0.004 -22"><span class='ocrx_word' id='word_1_201' title='bbox 104 3092 177 3150; x_wconf 84' lang='lat' dir='ltr'>croci</span> <span class='ocrx_word' id='word_1_202' title='bbox 196 3099 324 3168; x_wconf 82' lang='lat' dir='ltr'>excepto</span> <span class='ocrx_word' id='word_1_203' title='bbox 344 3091 377 3150; x_wconf 87' lang='lat' dir='ltr'>la</span> <span class='ocrx_word' id='word_1_204' title='bbox 389 3091 499 3168; x_wconf 77' lang='lat' dir='ltr'>gamba</span> <span class='ocrx_word' id='word_1_205' title='bbox 521 3098 616 3150; x_wconf 81' lang='lat' dir='ltr'>ntorta</span> <span class='ocrx_word' id='word_1_206' title='bbox 636 3090 688 3148; x_wconf 86' lang='lat' dir='ltr'>nol</span> <span class='ocrx_word' id='word_1_207' title='bbox 711 3090 791 3148; x_wconf 76' lang='lat' dir='ltr'>uenit</span> <span class='ocrx_word' id='word_1_208' title='bbox 811 3089 860 3148; x_wconf 82' lang='lat' dir='ltr'>for</span> <span class='ocrx_word' id='word_1_209' title='bbox 881 3089 918 3147; x_wconf 87' lang='lat' dir='ltr'>de</span> <span class='ocrx_word' id='word_1_210' title='bbox 938 3089 967 3148; x_wconf 86' lang='lat' dir='ltr'>le</span> <span class='ocrx_word' id='word_1_211' title='bbox 981 3092 1061 3150; x_wconf 83' lang='lat' dir='ltr'><strong>croci</strong></span> <span class='ocrx_word' id='word_1_212' title='bbox 1081 3092 1123 3150; x_wconf 90' lang='lat' dir='ltr'>fin</span> <span class='ocrx_word' id='word_1_213' title='bbox 1137 3094 1168 3152; x_wconf 91' lang='lat' dir='ltr'>al</span> <span class='ocrx_word' id='word_1_214' title='bbox 1182 3094 1223 3152; x_wconf 87' lang='lat' dir='ltr'>fin</span> <span class='ocrx_word' id='word_1_215' title='bbox 1238 3094 1287 3154; x_wconf 89' lang='lat' dir='ltr'>del</span> <span class='ocrx_word' id='word_1_216' title='bbox 1301 3097 1427 3172; x_wconf 87' lang='lat' dir='ltr'>quadro.</span> 
     </span>
     <span class='ocr_line' id='line_1_22' title="bbox 105 3189 1429 3273; baseline 0.005 -23"><span class='ocrx_word' id='word_1_217' title='bbox 105 3189 189 3252; x_wconf 83' lang='lat' dir='ltr'>Dicta</span> <span class='ocrx_word' id='word_1_218' title='bbox 208 3193 320 3273; x_wconf 75' lang='lat' dir='ltr'>gamba</span> <span class='ocrx_word' id='word_1_219' title='bbox 341 3201 437 3252; x_wconf 78' lang='lat' dir='ltr'>stone</span> <span class='ocrx_word' id='word_1_220' title='bbox 458 3193 509 3252; x_wconf 92' lang='lat' dir='ltr'>uol</span> <span class='ocrx_word' id='word_1_221' title='bbox 529 3210 612 3254; x_wconf 81' lang='lat' dir='ltr'>esser</span> <span class='ocrx_word' id='word_1_222' title='bbox 633 3207 740 3270; x_wconf 79' lang='lat' dir='ltr'>grossa</span> <span class='ocrx_word' id='word_1_223' title='bbox 761 3191 797 3250; x_wconf 91' lang='lat' dir='ltr'>de</span> <span class='ocrx_word' id='word_1_224' title='bbox 820 3190 848 3248; x_wconf 89' lang='lat' dir='ltr'>le</span> <span class='ocrx_word' id='word_1_225' title='bbox 862 3209 942 3249; x_wconf 89' lang='lat' dir='ltr'>none</span> <span class='ocrx_word' id='word_1_226' title='bbox 955 3193 1034 3268; x_wconf 84' lang='lat' dir='ltr'>parti</span> <span class='ocrx_word' id='word_1_227' title='bbox 1055 3194 1137 3266; x_wconf 87' lang='lat' dir='ltr'>luna,</span> <span class='ocrx_word' id='word_1_228' title='bbox 1160 3194 1318 3256; x_wconf 84' lang='lat' dir='ltr'>terminata</span> <span class='ocrx_word' id='word_1_229' title='bbox 1339 3198 1429 3256; x_wconf 81' lang='lat' dir='ltr'>sutile</span> 
     </span>
     <span class='ocr_line' id='line_1_23' title="bbox 105 3292 1428 3378; baseline 0.006 -28"><span class='ocrx_word' id='word_1_230' title='bbox 105 3293 131 3351; x_wconf 92' lang='lat' dir='ltr'>in</span> <span class='ocrx_word' id='word_1_231' title='bbox 150 3303 239 3373; x_wconf 83' lang='lat' dir='ltr'>ponta</span> <span class='ocrx_word' id='word_1_232' title='bbox 261 3294 432 3373; x_wconf 84' lang='lat' dir='ltr'>nellangnlo</span> <span class='ocrx_word' id='word_1_233' title='bbox 447 3295 496 3353; x_wconf 91' lang='lat' dir='ltr'>del</span> <span class='ocrx_word' id='word_1_234' title='bbox 513 3294 628 3370; x_wconf 86' lang='lat' dir='ltr'>quadro</span> <span class='ocrx_word' id='word_1_235' title='bbox 643 3293 750 3352; x_wconf 88' lang='lat' dir='ltr'>amodo</span> <span class='ocrx_word' id='word_1_236' title='bbox 772 3292 810 3352; x_wconf 85' lang='lat' dir='ltr'>de</span> <span class='ocrx_word' id='word_1_237' title='bbox 823 3292 993 3354; x_wconf 80' lang='lat' dir='ltr'>enmelinee</span> <span class='ocrx_word' id='word_1_238' title='bbox 1014 3302 1048 3354; x_wconf 85' lang='lat' dir='ltr'>ut</span> <span class='ocrx_word' id='word_1_239' title='bbox 1062 3295 1111 3355; x_wconf 82' lang='lat' dir='ltr'>hie</span> <span class='ocrx_word' id='word_1_240' title='bbox 1131 3295 1163 3354; x_wconf 93' lang='lat' dir='ltr'>in</span> <span class='ocrx_word' id='word_1_241' title='bbox 1177 3297 1315 3374; x_wconf 85' lang='lat' dir='ltr'>exemplo</span> <span class='ocrx_word' id='word_1_242' title='bbox 1337 3303 1428 3378; x_wconf 78' lang='lat' dir='ltr'>patet.</span> 
     </span>
    </p>
   </div>
   <div class='ocr_carea' id='block_1_8' title="bbox 227 3799 247 3858">
    <p class='ocr_par' dir='ltr' id='par_1_8' title="bbox 227 3799 247 3858">
     <span class='ocr_line' id='line_1_24' title="bbox 227 3799 247 3858; baseline 0 0"><span class='ocrx_word' id='word_1_243' title='bbox 227 3799 247 3858; x_wconf 89' lang='lat' dir='ltr'>S</span> 
     </span>
    </p>
   </div>
   <div class='ocr_carea' id='block_1_9' title="bbox 107 3951 1486 4442">
    <p class='ocr_par' dir='ltr' id='par_1_9' title="bbox 107 3951 1486 4442">
     <span class='ocr_line' id='line_1_25' title="bbox 183 3951 1433 4040; baseline 0.006 -26"><span class='ocrx_word' id='word_1_244' title='bbox 183 3954 302 4029; x_wconf 80' lang='lat' dir='ltr'>Queata</span> <span class='ocrx_word' id='word_1_245' title='bbox 320 3953 429 4014; x_wconf 83' lang='lat' dir='ltr'>lettera</span> <span class='ocrx_word' id='word_1_246' title='bbox 450 3951 500 4016; x_wconf 83' lang='lat' dir='ltr'>.S.</span> <span class='ocrx_word' id='word_1_247' title='bbox 523 3973 555 4015; x_wconf 80' lang='lat' dir='ltr'>ee</span> <span class='ocrx_word' id='word_1_248' title='bbox 578 3973 656 4016; x_wconf 85' lang='lat' dir='ltr'>eane</span> <span class='ocrx_word' id='word_1_249' title='bbox 675 3955 712 4016; x_wconf 91' lang='lat' dir='ltr'>de</span> <span class='ocrx_word' id='word_1_250' title='bbox 733 3965 800 4016; x_wconf 82' lang='lat' dir='ltr'>octo</span> <span class='ocrx_word' id='word_1_251' title='bbox 822 3955 906 4016; x_wconf 86' lang='lat' dir='ltr'>tondi</span> <span class='ocrx_word' id='word_1_252' title='bbox 928 3955 955 4014; x_wconf 70' lang='lat' dir='ltr'>d</span> <span class='ocrx_word' id='word_1_253' title='bbox 977 3965 1084 4035; x_wconf 78' lang='lat' dir='ltr'>questa</span> <span class='ocrx_word' id='word_1_254' title='bbox 1104 3957 1147 4018; x_wconf 84' lang='lat' dir='ltr'>sie</span> <span class='ocrx_word' id='word_1_255' title='bbox 1168 3958 1199 4019; x_wconf 89' lang='lat' dir='ltr'>la</span> <span class='ocrx_word' id='word_1_256' title='bbox 1221 3976 1276 4019; x_wconf 79' lang='lat' dir='ltr'>aaa</span> <span class='ocrx_word' id='word_1_257' title='bbox 1296 3957 1433 4040; x_wconf 78' lang='lat' dir='ltr'>Regione</span> 
     </span>
     <span class='ocr_line' id='line_1_26' title="bbox 109 4056 1486 4136; baseline 0.006 -22"><span class='ocrx_word' id='word_1_258' title='bbox 109 4062 139 4115; x_wconf 77' lang='lat' dir='ltr'>nt</span> <span class='ocrx_word' id='word_1_259' title='bbox 158 4056 205 4116; x_wconf 87' lang='lat' dir='ltr'>hie</span> <span class='ocrx_word' id='word_1_260' title='bbox 223 4059 258 4118; x_wconf 85' lang='lat' dir='ltr'>in</span> <span class='ocrx_word' id='word_1_261' title='bbox 280 4057 419 4134; x_wconf 82' lang='lat' dir='ltr'>exemplo</span> <span class='ocrx_word' id='word_1_262' title='bbox 441 4066 580 4134; x_wconf 61' lang='lat' dir='ltr'>apparea</span> <span class='ocrx_word' id='word_1_263' title='bbox 602 4057 623 4117; x_wconf 90' lang='lat' dir='ltr'>li</span> <span class='ocrx_word' id='word_1_264' title='bbox 640 4058 722 4134; x_wconf 88' lang='lat' dir='ltr'>quali</span> <span class='ocrx_word' id='word_1_265' title='bbox 744 4077 797 4135; x_wconf 85' lang='lat' dir='ltr'>per</span> <span class='ocrx_word' id='word_1_266' title='bbox 817 4059 846 4118; x_wconf 89' lang='lat' dir='ltr'>le</span> <span class='ocrx_word' id='word_1_267' title='bbox 868 4077 922 4118; x_wconf 80' lang='lat' dir='ltr'>sne</span> <span class='ocrx_word' id='word_1_268' title='bbox 944 4059 1086 4136; x_wconf 84' lang='lat' dir='ltr'>paralelle</span> <span class='ocrx_word' id='word_1_269' title='bbox 1108 4062 1255 4122; x_wconf 84' lang='lat' dir='ltr'>trouando</span> <span class='ocrx_word' id='word_1_270' title='bbox 1276 4063 1323 4121; x_wconf 88' lang='lat' dir='ltr'>lor</span> <span class='ocrx_word' id='word_1_271' title='bbox 1338 4063 1432 4122; x_wconf 83' lang='lat' dir='ltr'>centri</span> <span class='ocrx_word' id='word_1_272' title='bbox 1484 4079 1486 4086; x_wconf 77' lang='grc'>’</span> 
     </span>
     <span class='ocr_line' id='line_1_27' title="bbox 109 4158 1432 4237; baseline 0.005 -23"><span class='ocrx_word' id='word_1_273' title='bbox 109 4160 233 4218; x_wconf 78' lang='lat' dir='ltr'>tronerai</span> <span class='ocrx_word' id='word_1_274' title='bbox 257 4159 351 4235; x_wconf 87' lang='lat' dir='ltr'>quelli</span> <span class='ocrx_word' id='word_1_275' title='bbox 371 4158 409 4218; x_wconf 94' lang='lat' dir='ltr'>de</span> <span class='ocrx_word' id='word_1_276' title='bbox 431 4167 511 4218; x_wconf 84' lang='lat' dir='ltr'><strong>sotto</strong></span> <span class='ocrx_word' id='word_1_277' title='bbox 534 4177 618 4219; x_wconf 76' lang='lat' dir='ltr'>esser</span> <span class='ocrx_word' id='word_1_278' title='bbox 632 4159 758 4235; x_wconf 84' lang='lat' dir='ltr'>magiori</span> <span class='ocrx_word' id='word_1_279' title='bbox 781 4159 861 4218; x_wconf 89' lang='lat' dir='ltr'>deli</span> <span class='ocrx_word' id='word_1_280' title='bbox 884 4159 921 4218; x_wconf 88' lang='lat' dir='ltr'>da</span> <span class='ocrx_word' id='word_1_281' title='bbox 940 4178 1032 4237; x_wconf 79' lang='lat' dir='ltr'>sopra</span> <span class='ocrx_word' id='word_1_282' title='bbox 1054 4181 1094 4220; x_wconf 90' lang='lat' dir='ltr'>un</span> <span class='ocrx_word' id='word_1_283' title='bbox 1109 4171 1190 4220; x_wconf 86' lang='lat' dir='ltr'>terzo</span> <span class='ocrx_word' id='word_1_284' title='bbox 1212 4161 1261 4220; x_wconf 85' lang='lat' dir='ltr'>del</span> <span class='ocrx_word' id='word_1_285' title='bbox 1283 4181 1362 4221; x_wconf 92' lang='lat' dir='ltr'>nono</span> <span class='ocrx_word' id='word_1_286' title='bbox 1384 4163 1432 4220; x_wconf 86' lang='lat' dir='ltr'>del</span> 
     </span>
     <span class='ocr_line' id='line_1_28' title="bbox 107 4258 1431 4338; baseline 0.002 -21"><span class='ocrx_word' id='word_1_287' title='bbox 107 4273 160 4318; x_wconf 84' lang='lat' dir='ltr'>suo</span> <span class='ocrx_word' id='word_1_288' title='bbox 186 4259 313 4336; x_wconf 84' lang='lat' dir='ltr'>quadro.</span> <span class='ocrx_word' id='word_1_289' title='bbox 364 4258 413 4319; x_wconf 88' lang='lat' dir='ltr'>La</span> <span class='ocrx_word' id='word_1_290' title='bbox 437 4261 546 4336; x_wconf 75' lang='lat' dir='ltr'>pendia</span> <span class='ocrx_word' id='word_1_291' title='bbox 571 4261 608 4319; x_wconf 91' lang='lat' dir='ltr'>de</span> <span class='ocrx_word' id='word_1_292' title='bbox 643 4277 746 4318; x_wconf 84' lang='lat' dir='ltr'>mezzo</span> <span class='ocrx_word' id='word_1_293' title='bbox 772 4260 823 4318; x_wconf 90' lang='lat' dir='ltr'>nol</span> <span class='ocrx_word' id='word_1_294' title='bbox 850 4277 932 4319; x_wconf 83' lang='lat' dir='ltr'>esser</span> <span class='ocrx_word' id='word_1_295' title='bbox 958 4277 1068 4336; x_wconf 80' lang='lat' dir='ltr'>grossa</span> <span class='ocrx_word' id='word_1_296' title='bbox 1094 4261 1121 4318; x_wconf 87' lang='lat' dir='ltr'>el</span> <span class='ocrx_word' id='word_1_297' title='bbox 1147 4279 1227 4320; x_wconf 89' lang='lat' dir='ltr'>nono</span> <span class='ocrx_word' id='word_1_298' title='bbox 1256 4271 1366 4338; x_wconf 85' lang='lat' dir='ltr'>aponto</span> <span class='ocrx_word' id='word_1_299' title='bbox 1394 4262 1431 4320; x_wconf 89' lang='lat' dir='ltr'>de</span> 
     </span>
     <span class='ocr_line' id='line_1_29' title="bbox 107 4358 1428 4442; baseline 0.002 -25"><span class='ocrx_word' id='word_1_300' title='bbox 107 4358 220 4421; x_wconf 82' lang='lat' dir='ltr'>lalteza.</span> <span class='ocrx_word' id='word_1_301' title='bbox 254 4361 299 4421; x_wconf 84' lang='lat' dir='ltr'>Le</span> <span class='ocrx_word' id='word_1_302' title='bbox 315 4361 396 4421; x_wconf 81' lang='lat' dir='ltr'>sutili</span> <span class='ocrx_word' id='word_1_303' title='bbox 420 4380 458 4421; x_wconf 92' lang='lat' dir='ltr'>un</span> <span class='ocrx_word' id='word_1_304' title='bbox 481 4367 562 4422; x_wconf 89' lang='lat' dir='ltr'>terzo</span> <span class='ocrx_word' id='word_1_305' title='bbox 579 4362 616 4422; x_wconf 91' lang='lat' dir='ltr'>de</span> <span class='ocrx_word' id='word_1_306' title='bbox 632 4361 662 4420; x_wconf 90' lang='lat' dir='ltr'>la</span> <span class='ocrx_word' id='word_1_307' title='bbox 676 4379 820 4442; x_wconf 82' lang='lat' dir='ltr'>grosaeza</span> <span class='ocrx_word' id='word_1_308' title='bbox 834 4360 1020 4420; x_wconf 85' lang='lat' dir='ltr'>terminando</span> <span class='ocrx_word' id='word_1_309' title='bbox 1041 4362 1070 4420; x_wconf 89' lang='lat' dir='ltr'>le</span> <span class='ocrx_word' id='word_1_310' title='bbox 1085 4370 1161 4420; x_wconf 83' lang='lat' dir='ltr'>teate</span> <span class='ocrx_word' id='word_1_311' title='bbox 1182 4381 1237 4420; x_wconf 81' lang='lat' dir='ltr'>con</span> <span class='ocrx_word' id='word_1_312' title='bbox 1254 4379 1310 4422; x_wconf 83' lang='lat' dir='ltr'>sua</span> <span class='ocrx_word' id='word_1_313' title='bbox 1323 4363 1428 4441; x_wconf 83' lang='lat' dir='ltr'>gratia.</span> 
     </span>
    </p>
   </div>
   <div class='ocr_carea' id='block_1_10' title="bbox 0 0 1794 5962">
    <p class='ocr_par' dir='ltr' id='par_1_10' title="bbox 0 0 1794 5962">
     <span class='ocr_line' id='line_1_30' title="bbox 0 0 1794 5962; baseline 0 0"><span class='ocrx_word' id='word_1_314' title='bbox 0 0 1794 5962; x_wconf 95' lang='lat' dir='ltr'> </span> 
     </span>
    </p>
   </div>
  </div>
 </body>
</html>
