3546 5950
368 611 440 682 114
890 621 1173 676 nrrruunnnunu

364 802 445 872 eius,
473 799 525 875 qui
552 807 635 858 tanta
662 797 742 875 apud
770 797 934 872 principem
959 796 1055 872 gratia
1075 795 1223 866 floruerit,
1251 803 1283 854 ut
1304 797 1332 854 ei
1353 796 1544 873 praefectura
1563 799 1675 874 Aegypti

364 901 565 961 mandaretur.
608 899 709 959 Unum
735 898 804 956 addi
826 905 940 974 potest:
971 895 1048 956 Cum
1070 896 1195 955 Tacitus
1217 897 1286 955 loeo
1307 913 1400 975 supra
1419 898 1515 957 allato
1536 897 1675 958 Octavium

364 1005 546 1064 Frontonem
573 1002 719 1073 nominet,
748 1001 801 1076 qui
823 1018 849 1058 a.
868 999 906 1057 16
922 1018 949 1056 a.
966 996 1036 1058 Chr.
1059 999 1228 1073 praetorius
1249 998 1354 1072 fuerit,
1381 1017 1513 1077 cumque
1534 999 1675 1058 viderimus

363 1105 468 1165 eodem
489 1105 553 1163 fere
574 1113 706 1180 tempore
727 1101 763 1160 P.
786 1099 944 1160 Octavium
965 1101 1175 1178 proconsulem
1198 1097 1307 1159 Cretae
1328 1108 1359 1160 et
1380 1097 1569 1178 Cyrenarum
1587 1101 1675 1172 luisse

362 1225 451 1284 quem
472 1206 719 1282 proconsulatum
740 1203 957 1279 praetoriorum
977 1202 1073 1261 luisse
1092 1202 1284 1261 notissimum
1305 1209 1362 1274 est,
1383 1202 1480 1279 possit
1503 1203 1674 1278 aliquiscon·

362 1309 468 1381 ficere,
493 1315 650 1384 utrumque
672 1307 798 1366 eundem
820 1325 897 1367 esse.
942 1303 1032 1378 Quod
1058 1323 1095 1362 ne
1121 1310 1237 1380 putem,
1263 1321 1430 1382 cognomen
1454 1302 1574 1363 suadet.
1611 1303 1674 1362 Nan

362 1411 394 1470 id
420 1428 517 1485 neque
542 1409 573 1467 in
601 1408 686 1467 titulo
709 1407 878 1484 Cyrenaico
906 1425 1002 1482 neque
1028 1405 1059 1463 in
1086 1404 1189 1464 Attico
1215 1404 1349 1474 additum
1378 1412 1485 1463 eontra
1511 1404 1598 1464 huius
1617 1411 1674 1463 tcm-

361 1511 445 1588 poris
471 1528 599 1593 morem,
627 1509 653 1566 si
683 1509 709 1568 is
732 1510 768 1569 P.
795 1510 940 1570 Octavius
966 1507 1088 1566 omniuo
1112 1522 1279 1582 cognomen
1298 1505 1462 1564 habuisset.
1511 1505 1561 1566 Nc
1580 1506 1607 1563 id
1623 1505 1674 1579 qui-

362 1613 431 1670 dem
456 1608 672 1689 neglegendum
697 1617 759 1683 est,
787 1611 866 1688 quod
892 1611 1017 1670 Tacitus
1042 1608 1125 1666 illum
1154 1606 1314 1666 Octavium
1340 1606 1530 1666 Frontonem
1557 1615 1673 1684 questum

362 1731 431 1771 esse
459 1719 561 1770 namet
588 1711 618 1769 iu
645 1719 750 1770 senatu
777 1713 813 1770 de
839 1712 960 1770 luxuria
985 1709 1104 1769 civium.
1149 1705 1239 1782 Quod
1264 1725 1323 1766 non
1346 1708 1464 1767 ridetur
1490 1709 1631 1785 quadrare
1651 1708 1674 1764 in

361 1813 524 1884 hominem,
546 1813 630 1872 cuius
653 1823 706 1870 aut
725 1823 820 1889 pater,
842 1820 875 1872 ut
896 1830 953 1889 ego
974 1829 1066 1887 supra
1088 1810 1250 1888 disputari,
1271 1818 1324 1867 aut
1344 1809 1435 1868 ctiam
1451 1810 1529 1886 ipse,
1551 1807 1672 1868 utCare·

361 1912 469 1984 donius
487 1912 560 1984 mult,
582 1921 704 1990 propter
724 1915 873 1991 ingentem
896 1914 1050 1972 luxuriam
1071 1912 1102 1970 iu
1124 1911 1257 1970 omnium
1279 1929 1332 1970 ore
1353 1917 1427 1969 erat.
1465 1909 1570 1984 Quare
1583 1910 1614 1968 P.
1628 1907 1673 1967 Oc·

361 2014 475 2074 tarium
496 2015 706 2090 proconsulem
729 2017 767 2074 ab
790 2015 918 2075 Octavio
939 2015 1091 2074 Frontone
1112 2013 1265 2088 praetorio
1286 2011 1439 2071 diversum
1460 2030 1530 2072 esse
1550 2021 1626 2090 puto.

445 2116 473 2175 5.
516 2114 565 2172 Ex
591 2115 782 2192 paucissimis
804 2117 864 2174 illis
886 2115 1051 2192 plebiscitis
1074 2113 1183 2173 Atticis
1208 2131 1284 2192 quae
1305 2113 1522 2190 imperatorum
1542 2113 1673 2172 Romano

360 2235 426 2274 rum
456 2223 553 2275 aetate
579 2217 748 2293 composita
773 2216 869 2274 adhuc
896 2223 1030 2287 exstant,
1058 2234 1150 2273 unum
1176 2213 1337 2272 admodum
1363 2213 1506 2272 mutilum
1532 2233 1597 2274 cum
1619 2213 1672 2271 aliis

359 2317 398 2376 de
426 2318 527 2376 causis
557 2326 618 2376 tum
648 2327 772 2395 propter
799 2317 1002 2376 difficultatem
1031 2315 1174 2392 temporis
1201 2323 1283 2373 recte
1311 2315 1473 2374 deliniendi
1501 2313 1673 2376 memorabile

359 2428 419 2490 est;
442 2418 523 2495 quod
543 2419 639 2477 edidit
656 2419 835 2478 Pittulrisius
857 2417 1023 2477 l’ancienuc
1047 2416 1185 2476 Atheneo
1206 2434 1235 2492 p.
1252 2415 1323 2487 493,
1345 2417 1571 2475 accuratissime
1590 2423 1671 2474 autera

359 2520 500 2577 tractavit
527 2516 562 2577 C.
583 2519 656 2578 Keil
683 2521 714 2578 in
738 2521 842 2580 Museo
864 2521 1012 2580 Rhenano
1036 2517 1097 2578 vol.
1112 2517 1221 2576 XVIII
1242 2537 1272 2594 p.
1288 2516 1326 2577 57
1336 2535 1400 2594 sqq.
1443 2517 1550 2594 Atque
1573 2517 1599 2576 is
1621 2517 1672 2594 qui·

359 2619 428 2678 dem
454 2637 510 2695 pro
536 2627 618 2678 certo
644 2622 743 2696 pouit,
771 2621 809 2680 ad
831 2621 959 2698 Aupusts'
982 2619 1183 2698 principatum
1207 2620 1372 2696 pertinere,
1401 2636 1530 2695 eamque
1555 2637 1626 2688 rem,
1647 2627 1672 2673 ut

360 2719 447 2792 solet,
462 2737 580 2778 summa
593 2721 748 2798 diligentia
761 2730 852 2799 atque
865 2722 1002 2782 doctrina
1015 2723 1143 2798 probare
1157 2727 1291 2778 conatur.
1324 2717 1439 2779 Contra
1452 2737 1544 2796 quem
1559 2721 1594 2780 R.
1607 2717 1671 2776 Neu·

359 2821 452 2878 bauer
476 2821 509 2881 iu
535 2823 762 2897 quaestionibus
789 2824 988 2903 epigraphicis
1010 2843 1040 2900 p.
1059 2823 1116 2883 147
1139 2823 1182 2880 ita
1206 2821 1382 2898 disputavit,
1411 2820 1551 2881 utillum
1571 2820 1670 2880 titulum

358 2921 484 2980 Neronis
507 2924 634 3000 tempori
654 2924 811 2997 adscribat,
834 2926 996 3008 etquidem
1018 2925 1104 2984 annis
1120 2922 1243 2982 st-st
1258 2929 1312 2980 aut
1325 2920 1457 2982 ss—st.
1496 2921 1591 2996 Quam
1604 2921 1671 2980 litero

359 3021 499 3082 dirImere
526 3023 645 3083 conanti
671 3027 801 3102 primum
829 3027 925 3104 ipsius
954 3027 1034 3085 tituli
1060 3026 1165 3097 verba,
1188 3032 1221 3082 ut
1245 3023 1379 3094 Keilius‚
1408 3021 1547 3082 adhibito
1572 3027 1671 3100 praeter

358 3122 593 3185 Pittalrisianum
615 3128 773 3204 exemplar
793 3129 883 3187 etiam
906 3127 1099 3205 blustoxydis
1120 3124 1311 3203 apographo,
1333 3102 1370 3184 ea
1387 3125 1557 3197 constituit,
1579 3120 1671 3182 adscri-

358 3224 457 3285 benda
477 3235 563 3302 puto:

638 3335 684 3388 ΑΓ
684 3329 1377 3387 ΑΘΗΙΤΥΧΗΙΤΟΥΣΕΒΑΣΤΟΥΚΑΙΣΑΡΟΣΚ
1390 3367 1398 3384 .
1412 3369 1419 3385 .

639 3430 1373 3488 nnunuoznpxorttozxntteredinemc
1389 3470 1396 3486 .
1411 3471 1418 3485 .

639 3533 1301 3589 ΕΚΚΛΗΣΙΑΕΠΙΤΗΣΕΝΑΤΗΣΠΡΥΤΑΝΕΙ
1315 3570 1324 3587 .
1337 3570 1366 3587 ..

639 3634 1320 3690 ΕΔΡΩΝΕΠΕΨΗΦΙΣΕΝΕΥΘΥΔΟΜΟΣΑΡΧ

582 3751 594 3788 s
637 3734 1296 3793 ΑΡΕΙΟΥΠΑΓΟΥΒΟΥΛΗῖΚΑΙΤΗΣΒΟΥ

681 3835 1304 3893 ΝΙΚΑΝΟΡΑΝΕΟΝΟΜΗΡΟΝΚΑΙΝΕΟΝ

679 3936 1218 3994 ΚΑΙΑΓΩΝΟΘΕΤΗΝΣΕΒΑΣΤΩΝΑ

678 4037 1243 4094 ΚΕΧΕΙΡΟΤΟΝΗΜΕΝΟΝΕΝΤΟΝΕ

678 4140 987 4194 ΣΙΝΗΝΕΣνΕΝΤΙΟ

565 4255 591 4295 to
680 4240 862 4295 ΝΙΚΑΝΩΡΑ

356 4371 482 4433 Maximi
511 4375 654 4434 momenti
681 4393 717 4433 ca
742 4383 825 4449 sunt,
854 4394 931 4453 quae
957 4374 1054 4452 primo
1076 4393 1166 4434 versu
1188 4375 1303 4454 scripta
1327 4376 1453 4454 legimus
1475 4369 1583 4456 ἆγαθῃ
1601 4363 1668 4451 τύχῃ

355 4476 407 4531 τοῦ
432 4467 594 4541 Σεβαστοῦ
619 4466 763 4558 Καίσαρος
784 4479 810 4532 Κ
823 4516 909 4543 .....
937 4495 1015 4553 quae
1041 4475 1242 4537 Neubauerus
1270 4478 1405 4556 suppleri
1433 4479 1498 4538 vult
1521 4465 1667 4558 spartis

355 4563 486 4656 Νέρωνος.
529 4578 572 4634 At
593 4595 660 4635 cum
682 4577 760 4635 Nero
782 4578 872 4636 huius
894 4578 1084 4654 imperatoris
1101 4597 1275 4656 praenomen
1296 4581 1351 4652 sit,
1371 4587 1442 4657 post
1461 4599 1568 4640 nomeu
1588 4573 1668 4656 gentl-

358 4673 459 4731 licium
480 4677 553 4751 poni
574 4697 635 4737 uon
657 4686 764 4754 potest.
801 4676 863 4739 Sed
884 4698 922 4738 ue
943 4679 1040 4738 omitti
1062 4679 1193 4757 quidem,
1214 4681 1297 4739 utin
1319 4689 1404 4758 patre
1419 4680 1550 4740 Neronis
1565 4673 1666 4738 Claudii

356 4791 539 4850 praenomen
564 4777 693 4838 Tiberius
720 4779 876 4858 omittitur,
903 4782 1015 4857 potuit,
1043 4800 1081 4840 ne
1101 4779 1186 4841 Nero
1212 4800 1279 4840 cum
1299 4789 1386 4860 patre
1406 4782 1628 4842 confunderetur
1636 4775 1667 4850 ¹).

358 4872 460 4947 Quare
486 4876 524 4935 ad
549 4875 701 4938 Neronem
726 4889 805 4940 certe
831 4881 937 4942 referri
961 4901 1023 4942 uon
1046 4891 1155 4961 potest.
1178 4897 1181 4900 ·
1201 4883 1297 4960 Atqui
1322 4879 1521 4943 Neubauerus
1548 4879 1667 4942 effecisse

434 5167 456 5232 ¹)
484 5171 507 5220 E
527 5175 655 5225 contremo
674 5175 787 5228 Neronis
810 5193 905 5229 nomeu
926 5179 1021 5243 gentile
1040 5193 1224 5246 nonnunquam
1244 5179 1382 5244 omittitur,
1407 5187 1435 5230 ut
1451 5172 1512 5247 Έφ.
1531 5169 1591 5246 ἆρχ.
1604 5171 1664 5224 ³5⁴4

354 5255 448 5328 Nlpuu
467 5259 600 5329 Σεβαστῷ,
620 5265 647 5317 id
666 5268 735 5332 quod
754 5268 781 5319 in
801 5269 909 5323 ClaudIo
928 5285 1067 5336 numquam
1085 5269 1122 5322 fit.
