3546 5950
365 606 436 676 116
509 621 512 628 ·
886 617 1168 671 orrusnnnnean

363 790 410 854 tat
431 785 500 860 atto
523 791 558 853 c.
580 793 604 851 1.
626 791 736 850 rasos.
750 793 778 866 s.
798 810 826 866 ρ.
842 789 911 866 ιι).
955 787 1044 864 Quod
1070 790 1096 847 a
1124 788 1202 847 nanc
1229 789 1313 847 vous
1340 789 1401 847 vim
1428 789 1520 847 enam
1544 789 1574 846 n
1598 788 1668 846 utun
1743 759 1744 816 l

362 897 463 956 Attico
484 893 565 970 apud
586 892 731 951 Rossium
752 909 817 950 esse
840 891 1013 962 statuimus,
1040 890 1124 947 nulla
1145 899 1319 962 causaest,
1345 908 1399 948 cur
1420 909 1487 949 curu
1509 885 1668 948 Nenbanero

362 996 537 1074 psephisma
557 993 632 1052 illud
654 992 693 1051 ad
714 990 847 1050 Neronis
868 998 1004 1067 tempora
1025 990 1196 1049 reseramus.
1743 999 1744 1082 p

445 1094 506 1157 Sed
520 1104 620 1154 nmen
634 1093 720 1152 cuius
735 1091 878 1168 temporis
894 1091 943 1162 sit,
964 1091 1085 1150 dubium
1100 1100 1156 1149 est.
1190 1088 1260 1165 Qua
1273 1090 1305 1149 in
1319 1109 1351 1150 re
1366 1090 1558 1150 diiudicanda
1570 1089 1669 1150 Keiliua
1743 1115 1744 1148 ι

362 1197 523 1274 plurimum
545 1193 649 1254 tribuit
669 1194 793 1252 vocibus
815 1195 866 1249 τοῦ
880 1184 1041 1256 Σεβαστοῦ
1055 1183 1198 1272 Καίσαρος
1219 1209 1295 1266 quae
1316 1191 1348 1250 in
1368 1192 1467 1268 primo
1482 1209 1570 1250 versu
1583 1192 1669 1267 legun·
1743 1181 1744 1194 ¹

363 1307 420 1370 tur,
442 1305 533 1373 atque
548 1294 666 1354 efficere
680 1302 806 1353 conatus
820 1300 877 1365 est,
892 1310 928 1350 ea
942 1310 1002 1351 non
1017 1291 1056 1349 ad
1071 1288 1230 1350 Claudium
1245 1291 1349 1350 referri
1363 1309 1457 1368 posse
1472 1291 1557 1369 (nant
1570 1301 1670 1369 propter

362 1409 492 1475 sequens
508 1401 528 1453 1(
544 1397 571 1454 is
586 1413 663 1454 unus
677 1403 733 1466 est,
755 1395 792 1452 de
807 1412 867 1469 qno
883 1392 1008 1472 cogitari
1023 1391 1145 1468 possit),
1164 1391 1218 1451 sed
1233 1392 1271 1450 ad
1286 1412 1377 1451 unum
1392 1395 1571 1470 Augustam.
1602 1391 1670 1466 Quae

362 1497 503 1575 exempla
524 1495 633 1566 attulit,
654 1513 693 1552 ex
715 1494 759 1553 eis
780 1494 897 1552 nullum
919 1487 932 1550 ὅ
953 1484 1109 1556 {eilande
1132 1493 1243 1576 Kairup
1263 1493 1368 1562 habet3
1393 1495 1517 1553 omnino
1538 1494 1574 1553 ab
1593 1493 1669 1551 omni·

362 1601 418 1658 bns
441 1596 583 1655 articulus
605 1596 691 1653 abest
710 1604 830 1671 praeter
852 1593 887 1653 Ο.
903 1594 928 1651 Ι.
946 1591 1027 1651 3569
1049 1590 1062 1650 ὅ
1085 1584 1243 1656 Σεβαστὸς
1263 1587 1336 1653 Sede
1353 1595 1478 1678 Καῖσαρ,
1500 1595 1548 1654 ubi
1569 1607 1670 1673 propter

363 1697 584 1758 substantivum
604 1689 678 1756 θεδς
704 1713 770 1753 eum
798 1695 931 1752 additum
958 1693 1080 1751 dixeris.
1123 1692 1171 1752 Ne
1196 1711 1253 1770 ego
1278 1693 1400 1769 quidem
1421 1695 1454 1754 in
1475 1695 1571 1754 titulis
1587 1693 1669 1754 inveni

362 1799 423 1857 nisi
450 1815 541 1854 unum
563 1795 734 1872 exemplum
756 1792 831 1854 c.1.
853 1791 956 1852 39520
977 1785 1121 1874 Καίσαρος
1141 1793 1194 1850 τοῦ
1215 1785 1390 1861 Σιβαποῦ,
1418 1796 1504 1871 quod
1523 1806 1615 1855 tamen
1632 1815 1669 1852 or·

363 1899 432 1957 dine
453 1896 609 1954 verborum
632 1894 739 1954 differt.
776 1894 860 1953 Inter
881 1895 1043 1971 scriptores
1062 1911 1133 1953 vero
1148 1890 1257 1952 Strabo
1279 1913 1339 1953 non
1361 1895 1453 1956 modo
1469 1897 1578 1978 Καῖσαρ
1597 1891 1609 1953 ὅ
1626 1893 1668 1954 Σε-

361 1991 477 2064 βαστός
497 1997 588 2056 habet
608 1995 651 2073 (p.
668 1996 729 2055 840
751 1993 854 2071 Oea),
876 1994 1057 2067 sedetiam,
1080 1995 1165 2052 utin
1187 2001 1290 2054 nostro
1312 1995 1398 2053 titulo
1420 2003 1479 2068 est,
1501 1991 1514 2053 i
1536 1987 1668 2060 Σιβαπὸι
1744 1969 1745 2008 ι

361 2099 473 2180 Kairoep
495 2098 541 2174 (p.
555 2096 631 2173 287)
652 2104 682 2154 et
703 2097 745 2172 τῷ
764 2086 914 2170 Σεβαστῷ
935 2086 1055 2178 Καίσαρι
1077 2093 1121 2170 (p.
1137 2093 1221 2172 288).
1258 2093 1336 2155 Cum
1355 2095 1403 2153 his
1426 2097 1574 2173 exemplis
1593 2095 1668 2155 Keilii

362 2198 531 2258 observatio
559 2197 595 2255 de
617 2197 749 2275 Augusti
775 2195 893 2254 nomine
922 2195 1011 2254 etiam
1037 2195 1236 2268 confirmetur,
1264 2196 1308 2254 eis
1330 2213 1407 2273 quae
1429 2196 1467 2254 de
1490 2195 1611 2257 Claudio
1628 2215 1668 2254 ex·

361 2301 456 2376 ponit,
476 2317 545 2357 eum
568 2318 628 2357 non
649 2296 738 2356 modo
759 2296 849 2374 pleno
869 2297 990 2355 nomine
1011 2285 1142 2379 Τιβέριος
1164 2289 1306 2357 Κλαύδιος
1325 2299 1439 2381 Kairap
1453 2289 1667 2380 ΣεβαπόςΓερ-

361 2390 477 2468 μανικές
503 2399 675 2474 significari,
698 2398 751 2457 sed
773 2398 862 2456 etiam
884 2397 1023 2455 breviora
1043 2399 1097 2454 Κλ.
1118 2401 1205 2454 Kato.
1226 2401 1321 2480 Pupp„
1341 2401 1395 2455 Κλ.
1417 2400 1507 2458 Kato.
1528 2390 1609 2466 Σιβ..
1626 2401 1667 2454 lo.

361 2503 449 2558 Kato.
471 2490 547 2564 Σιβ.
568 2503 650 2581 Papus.
676 2498 821 2570 inveniri,
846 2514 995 2573 nusquam
1022 2494 1036 2553 ὅ
1057 2489 1217 2561 Σιβαττὸς
1237 2499 1348 2581 Kaio-up
1369 2490 1531 2568 Κλαύδιος,
1555 2517 1610 2558 nou
1627 2499 1668 2556 ht·

360 2601 418 2659 beo
444 2598 524 2674 quod
552 2598 670 2658 addam.
714 2595 816 2672 Quare
840 2616 877 2656 eo
898 2597 1025 2669 inclino,
1053 2607 1086 2656 ut
1106 2597 1202 2657 Keilii
1223 2599 1401 2658 sententiam
1422 2609 1505 2660 recte
1526 2619 1558 2661 se
1578 2600 1669 2657 habac
1745 2665 1746 2668 Ἴ

361 2699 499 2758 iudicem.
541 2696 601 2759 Sed
627 2717 738 2777 negare
763 2717 824 2757 non
849 2715 990 2775 possum,
1019 2716 1121 2756 verum
1148 2716 1217 2758 esse
1243 2699 1275 2757 id
1302 2697 1382 2776 quod
1403 2700 1463 2760 Th.
1488 2701 1669 2760 Mommsenus

361 2800 435 2860 mihi
456 2799 577 2870 obiecit,
602 2798 716 2858 scilieet
735 2817 774 2857 ex
795 2798 862 2874 ipso
884 2797 1011 2857 articulo
1033 2798 1135 2856 addito
1157 2817 1317 2875 apparere,
1339 2801 1448 2860 iustam
1474 2819 1510 2861 ae
1530 2803 1668 2879 legitimam

360 2899 491 2959 nominis
516 2899 663 2957 rationem
689 2899 855 2975 neglectam
881 2915 963 2970 esse3
990 2916 1082 2974 quare
1110 2899 1184 2958 nihil
1211 2900 1331 2959 obstare
1352 2903 1515 2977 quominus
1535 2921 1570 2961 ea
1588 2901 1669 2977 negle-

361 3001 462 3079 gentia
483 3000 572 3058 etiam
593 3001 624 3057 in
646 2997 774 3058 Claudio
795 2999 896 3058 locum
916 2999 1055 3058 habuerit
1076 3001 1119 3058 ita
1141 3009 1174 3058 ut
1194 3001 1221 3060 is
1243 2995 1258 3057 d
1280 2992 1436 3066 Σεβαστὸς
1458 3005 1570 3086 Καῖσαρ
1590 2989 1668 3059 Klari-

362 3094 420 3162 tac
441 3099 597 3158 diceretur.
640 3099 757 3158 Tamen
778 3102 951 3176 Augustum
975 3099 1019 3157 ita
1039 3119 1072 3158 re
1094 3119 1166 3159 vera
1187 3109 1326 3160 vocatum
1347 3120 1407 3161 ease
1428 3105 1576 3182 exemplis
1595 3118 1669 3178 snpra

361 3199 462 3259 allatis
482 3200 635 3275 probatur,
662 3218 729 3258 cum
752 3200 789 3258 de
810 3197 941 3259 Claudio
961 3199 993 3257 id
1014 3199 1112 3258 solum
1135 3199 1234 3260 dicere
1254 3201 1358 3274 liceat,
1379 3203 1447 3278 fieri
1464 3222 1564 3280 possa,
1591 3203 1668 3261 atita

361 3308 486 3360 vocatus
508 3299 557 3358 sit.

442 3399 537 3459 Aliud
558 3401 702 3476 temporis
723 3401 864 3461 indicium
885 3401 964 3460 inest
984 3401 1015 3458 in
1035 3402 1189 3460 vocabulis
1212 3401 1273 3461 ut
1295 3391 1343 3460 uei
1364 3393 1436 3485 ἱερέα
1450 3395 1591 3488 Δρούσοῄι
1610 3391 1668 3460 6πᾶ-

359 3497 474 3578 rov]²).
511 3498 601 3575 Quod
621 3501 818 3560 sacerdotium
840 3503 872 3561 in
892 3502 1094 3581 compluribus
1108 3502 1203 3561 titulis
1218 3503 1330 3562 Atticis
1345 3514 1600 3566 commemoratur.
1630 3501 1669 3560 Ex

358 3602 414 3672 iis,
440 3617 519 3676 quae
545 3600 583 3657 de
607 3619 644 3658 eo
673 3601 870 3677 scripserunt,
898 3603 1048 3679 plerique,
1075 3603 1248 3662 Boeclrhius
1270 3603 1305 3663 0.
1321 3604 1346 3662 I.
1365 3605 1433 3664 181.
1461 3605 1556 3665 Meier
1580 3619 1667 3664 comm.
1746 3597 1747 3602 ’

359 3701 454 3777 epigr.
476 3718 506 3775 p.
523 3698 562 3758 88
583 3698 688 3774 (index
710 3700 886 3760 archontum
909 3720 933 3761 s.
955 3723 985 3763 v.
1006 3693 1220 3787 Μιθριδάτης),
1242 3713 1272 3762 et
1293 3723 1361 3763 cum
1382 3705 1486 3781 aliqua
1506 3705 1668 3766 dubitatione

358 3797 544 3874 Hertzberg‚
571 3797 681 3860 Gcsch.
710 3799 880 3862 Griechenl.
908 3822 937 3862 u.
964 3803 993 3862 d
1021 3804 1153 3863 Rbmern
1174 3805 1206 3862 II
1231 3822 1260 3879 p.
1280 3805 1352 3878 161,
1381 3805 1518 3868 Drusum
1544 3811 1668 3872 unium

360 3897 475 3958 Tiberii
490 3895 631 3960 Caesaris
652 3901 746 3961 filium
769 3902 930 3980 significari
951 3912 1067 3980 putant.
1104 3903 1165 3965 Sed
1186 3925 1223 3964 ne
1245 3923 1322 3964 unus
1343 3907 1464 3982 quidem
1482 3927 1521 3967 ex
1536 3909 1578 3968 eis
1591 3905 1667 3966 nllun
1746 3939 1747 3958 ι

359 4000 450 4057 huius
476 4001 641 4059 sententiae
667 4012 872 4079 argumentum
898 4004 1008 4063 attulit.
1052 4004 1170 4063 Kellios
1192 4005 1212 4063 l.
1233 4005 1253 4063 l.
1277 4024 1306 4081 p.
1323 4006 1361 4066 66
1383 4027 1447 4067 rem
1468 4009 1500 4067 in
1521 4007 1667 4068 mediore
1746 3959 1747 4046 l

359 4098 477 4174 linquit,
499 4099 553 4158 sed
574 4099 618 4157 ita
638 4111 671 4160 ut
692 4103 729 4161 de
743 4102 847 4162 Druso
868 4105 982 4162 maiore
1002 4105 1134 4181 cogitare
1155 4106 1249 4166 malit.
1286 4104 1346 4166 Sed
1367 4126 1427 4166 non
1442 4117 1504 4168 tarn
1520 4109 1668 4170 dubitanter

359 4199 477 4259 locutus
503 4208 597 4272 esset,
625 4200 681 4260 nisi
706 4203 817 4262 oblitus
839 4214 933 4277 esset,
961 4224 1028 4264 cum
1052 4225 1088 4264 ea
1109 4207 1271 4280 sententia,
1298 4224 1388 4284 quam
1410 4210 1476 4286 ipse
1496 4209 1534 4268 de
1554 4218 1668 4285 tenpue

359 4299 471 4359 decreti
491 4301 574 4359 illius
593 4300 686 4360 Attici
707 4306 874 4381 proposuit,
897 4305 1017 4363 omnino
1039 4306 1191 4366 conciliari
1213 4326 1273 4366 non
1293 4325 1385 4385 posse
1406 4329 1510 4370 eorum
1532 4311 1667 4376 rationem,

359 4468 564 4480 ——-——-—

437 4587 461 4650 ¹)
487 4589 574 4640 Possit
590 4605 652 4643 sane
671 4593 764 4658 aliquia
783 4587 825 4645 hic
842 4580 937 4662 aptitus
956 4595 990 4646 ad
1003 4583 1045 4644 tul
1058 4589 1117 4657 βίου
1129 4598 1233 4660 referre,
1253 4599 1290 4648 ita
1302 4605 1330 4648 ut
1342 4599 1508 4664 significetur,
1528 4601 1571 4666 qni
1582 4599 1664 4664 prinus

361 4685 518 4741 perpetua
530 4683 697 4744 agonothesia
709 4685 811 4736 iunctus
824 4687 865 4736 sit.
888 4685 965 4746 Quod
978 4702 1009 4737 eo
1023 4690 1104 4752 magis
1117 4690 1225 4753 placeat,
1239 4689 1308 4754 quod
1321 4691 1504 4755 imperatorum
1514 4697 1594 4742 aetate
1602 4688 1665 4738 edum

360 4768 414 4816 alia
431 4783 538 4819 munera
555 4771 582 4820 in
601 4773 746 4824 civitatibus
760 4774 867 4826 Graecis
885 4791 918 4825 ex
937 4777 1029 4828 annuis
1048 4787 1172 4844 perpetua
1190 4781 1259 4831 lacta
1277 4795 1333 4830 esse
1351 4789 1460 4844 constat,
1480 4783 1558 4832 veluti
1573 4776 1666 4830 Athenis

361 4872 453 4907 munus
470 4860 636 4923 paedotribae
655 4864 813 4928 epheborum
826 4867 933 4916 Traiani
952 4876 997 4918 aut
1008 4870 1135 4920 Hadriani
1154 4878 1246 4934 aetate,
1265 4871 1364 4921 scribae
1381 4873 1460 4936 paulo
1478 4879 1536 4937 post
1553 4872 1594 4934 (ei.
1610 4881 1666 4918 com·

360 4949 545 5000 mentationem
569 4967 651 5003 meam
676 4954 708 5004 de
730 4955 836 5019 ephebis
854 4958 948 5008 Atticis
967 4975 992 5023 p.
1007 4959 1061 5020 38).
1099 4961 1152 5013 Sed
1171 4969 1224 5011 tum
1244 4963 1380 5012 dicendum
1399 4971 1455 5014 erat
1472 4959 1666 5014 inverecundiae

362 5025 405 5084 διδ
424 5030 482 5098 βίον
499 5028 603 5108 κρότου,
623 5045 692 5108 quod
711 5045 738 5094 in
759 5047 832 5100 titulo
851 5050 963 5112 quodam
982 5051 1066 5115 legere
1085 5068 1126 5102 me
1145 5054 1258 5103 memini.

438 5125 463 5189 ²)
490 5131 535 5184 Sic
558 5133 626 5182 enlm
651 5136 821 5199 supplendum
840 5153 895 5189 esse
914 5148 1021 5204 apparet
1039 5157 1072 5192 ex
1091 5145 1182 5194 ceteris
1201 5143 1294 5204 titulis,
1318 5143 1346 5194 in
1365 5143 1457 5208 quibus
1475 5145 1528 5196 eius
1546 5135 1665 5194 merdoffi

361 5220 458 5269 mentio
476 5222 517 5284 lit;
537 5239 645 5287 quorum
664 5227 748 5276 nullus
767 5244 829 5278 voce
847 5218 938 5280 irritos
957 5239 1034 5282 caret.
1338 5227 1341 5236 Α
