3610 5956
298 1499 807 1616 OBSERVATIONES
846 1502 1320 1616 EPIGRAPHIOAE.
1366 1547 1369 1554 ·

707 1754 911 1766 ..-..--.--..-.

300 1911 323 1969 1.
368 1907 502 1970 VRSVS
525 1907 728 1994 TQGATVS
751 1910 913 1969 VITRnA
937 1908 1010 1983 QVI
1032 1908 1188 1970 PRIMVS
1211 1909 1318 1968 PILA.

708 2012 799 2074 (orent
820 2013 912 2076 2591.)

223 2135 332 2213 Nuper
351 2135 517 2214 perlegenti
538 2136 612 2194 mihi
633 2135 890 2212 elegantissimum
911 2135 1104 2213 anthologiae
1120 2135 1330 2214 epigraphicne
1344 2133 1473 2194 Latinae

142 2239 298 2315 specimen
322 2237 434 2296 editum
459 2237 683 2296 aBuechelero
710 2236 808 2294 denuo
830 2255 863 2296 se
886 2237 995 2296 obtulit
1015 2256 1134 2296 carmen
1158 2237 1227 2296 Ursi
1249 2237 1386 2314 pilicrcpi
1407 2237 1473 2311 pnl-

141 2338 323 2396 cherrimum
351 2336 486 2414 quidem,
513 2347 592 2397 certe
617 2356 672 2415 pro
699 2337 801 2414 poesis
824 2338 1033 2414 epigraphieae
1061 2338 1213 2396 consuetis
1237 2338 1392 2409 sordibus,
1420 2336 1474 2395 sed

141 2457 208 2498 oum
235 2441 277 2499 ab
305 2440 374 2498 aliis
405 2448 467 2498 tum
494 2441 532 2499 ab
559 2440 626 2515 ipso
654 2439 847 2517 anthologiae
874 2439 1027 2498 conditore
1055 2439 1155 2497 futuro
1182 2458 1237 2498 nec
1263 2423 1359 2497 totum
1385 2439 1473 2498 intel·

140 2540 248 2599 lectum
282 2558 337 2598 nec
364 2549 444 2600 recte
471 2541 608 2600 relatum.
658 2540 700 2599 Et
727 2540 856 2616 primum
884 2540 1002 2617 quidem
1026 2534 1160 2613 ‘Verus'‚
1190 2540 1393 2598 Buechelerus
1421 2539 1472 2612 ait,

140 2637 295 2716 ‘patronus
322 2641 386 2700 sine
413 2641 505 2700 dubio
530 2641 693 2716 imperator
719 2641 828 2700 dicitur
853 2640 890 2699 L.
917 2641 1062 2701 Aurelius
1078 2641 1176 2699 Verus
1202 2659 1264 2699 cos.
1288 2641 1337 2700 llI
1358 2661 1384 2698 a
1404 2639 1472 2711 167,

140 2737 284 2802 ‘mortuus
307 2761 334 2802 a.
353 2742 410 2800 169
438 2743 537 2818 itaque
562 2741 642 2800 intra
663 2743 719 2801 hos
744 2761 841 2801 annos
863 2743 966 2802 titulus
987 2750 1033 2802 est
1054 2737 1233 2820 inscriptus’.
1276 2743 1319 2800 At
1339 2740 1472 2819 opinioni

140 2842 168 2900 ei
188 2842 359 2901 tralaticiae
379 2851 447 2900 ante
462 2842 568 2918 viginti
582 2861 677 2902 annos
691 2843 879 2919 Borghesius
902 2844 998 2918 (Ball.
1016 2844 1093 2920 Nep.
1110 2842 1149 2903 N.
1166 2841 1197 2904 S.
1214 2843 1243 2915 2,
1258 2842 1312 2919 44)
1333 2851 1364 2901 et
1378 2859 1474 2918 nuper

141 2941 305 3003 Hennenus
328 2944 423 3021 (Ball.
445 2944 512 3002 dcll’
532 2945 603 3001 laet.
622 2943 711 3017 1866,
734 2945 806 3021 176)
829 2953 1036 3022 opposuerunt
1056 2945 1184 3022 primurn
1205 2944 1365 3021 plerasque
1384 2961 1473 3001 voca·

140 3043 182 3103 les
203 3045 315 3124 longas
337 3045 367 3102 in
389 3046 478 3104 titulo
499 3045 642 3123 distingui
664 3046 810 3122 apicibus,
835 3063 912 3121 quos
935 3064 953 3103 a
973 3045 1069 3103 Marci
1089 3045 1159 3104 inde
1180 3052 1278 3104 aetate
1299 3044 1473 3103 exolescere

140 3145 227 3220 periti
259 3165 324 3205 non
355 3147 507 3225 ignorent3
539 3146 645 3204 deinde
671 3148 841 3222 Augustum
872 3163 1029 3223 perperam
1055 3145 1205 3223 designari
1234 3144 1307 3203 solis
1335 3145 1471 3203 consula·

141 3245 232 3319 tibus3
260 3247 392 3324 denique
414 3247 528 3306 Verum
555 3248 763 3324 imperatorem
789 3266 856 3305 cum
878 3245 960 3305 Urso
986 3247 1064 3305 male
1084 3245 1225 3320 coniungi
1251 3253 1373 3322 propter
1393 3251 1474 3303 aeta·

140 3353 207 3408 lem.
250 3349 310 3408 Ille
338 3350 416 3408 enim
442 3368 508 3408 oum
536 3349 643 3406 obierit
665 3365 760 3407 annos
782 3355 871 3406 natus
893 3346 1205 3422 duodequadraginta,
1233 3344 1383 3421 quomodo
1405 3363 1473 3404 cum

140 3467 175 3506 eo
197 3449 334 3522 homine,
356 3451 409 3526 qui
430 3458 500 3509 ante
521 3457 646 3508 mortem
663 3447 734 3508 Veri
755 3467 874 3507 carmen
897 3448 1087 3506 conscribens
1110 3465 1210 3506 senem
1233 3446 1382 3515 sedicet,
1408 3445 1473 3522 pila

139 3550 240 3610 ludere
274 3551 392 3628 potuit?
440 3551 642 3628 Reperinntur
674 3559 771 3608 autem
805 3557 922 3624 practer
946 3548 1059 3607 Verum
1090 3549 1300 3624 imperatorem
1333 3551 1385 3604 aut
1412 3545 1472 3603 dno

140 3652 196 3710 viri
223 3661 277 3712 aut
302 3659 383 3711 certe
411 3671 487 3710 unus
509 3653 573 3711 cius
595 3651 723 3710 nominis
745 3658 816 3726 post
836 3650 960 3709 Traiani
982 3658 1109 3709 aetatem
1132 3649 1169 3707 ad
1192 3648 1311 3706 tertium
1333 3647 1472 3705 consuls·

141 3761 203 3811 tum
233 3754 347 3825 evecti,
380 3753 519 3812 nimirum
544 3752 611 3829 ipse
637 3751 773 3821 Marcus,
808 3769 868 3827 quo
896 3758 1031 3826 tempore
1059 3750 1268 3808 nominabatur
1293 3749 1334 3808 M.
1363 3749 1472 3807 Aelius

142 3853 284 3912 Aurelius
306 3853 405 3913 Verus
434 3853 565 3924 Caesar,
593 3854 693 3912 lactus
721 3869 784 3910 cos.
806 3852 856 3910 lII
884 3871 910 3910 a.
928 3852 1002 3923 161,
1032 3861 1063 3910 et
1088 3869 1163 3909 avus
1190 3850 1254 3910 eius
1282 3850 1324 3908 M.
1352 3849 1471 3908 Annius

141 3953 238 4015 Verus
266 3973 329 4014 cos.
353 3955 400 4013 111
422 3974 449 4014 a.
468 3953 536 4012 126.
583 3954 626 4011 At
647 3953 683 4011 de
706 3953 805 4028 priore
827 3971 886 4012 non
907 3961 987 4011 recte
1008 3952 1133 4029 cogitari
1154 3971 1251 4028 neque
1270 3950 1472 4028 Borghesinm

140 4051 217 4132 fugit
241 4065 279 4140 et·
293 4074 399 4114 ornnes
421 4055 529 4130 opinor
550 4055 744 4114 consentient.
781 4052 861 4112 Nam
883 4072 944 4112 non
966 4054 1065 4112 solum
1087 4071 1123 4112 ea
1143 4053 1221 4130 ipsa,
1243 4051 1373 4127 quaein
1389 4049 1471 4109 Vero

140 4173 199 4216 cos.
223 4177 250 4215 a.
266 4156 324 4215 167
348 4155 513 4229 offendunt,
536 4156 584 4214 hie
604 4174 724 4232 quoquc
747 4155 884 4214 similiter
897 4155 1033 4224 redeunt,
1055 4153 1109 4212 sed
1124 4161 1279 4230 praeterea
1292 4150 1471 4210 includimur

141 4257 183 4316 ita
201 4259 233 4318 in
255 4257 413 4334 angustias
435 4257 496 4316 lere
517 4256 684 4316 bimestres.
722 4255 797 4314 Plus
819 4256 899 4315 enim
920 4256 1064 4330 temporis
1078 4272 1137 4312 non
1153 4253 1287 4312 interfuit
1300 4254 1377 4310 inter
1391 4251 1469 4308 Mar·

141 4377 207 4418 cum
228 4359 384 4418 consulem
405 4359 519 4417 lactum
540 4357 659 4416 tertium
682 4365 712 4414 et
732 4357 944 4432 imperatorem
966 4356 1085 4434 nomine
1100 4352 1173 4411 Veri
1195 4353 1328 4421 abiecto,
1354 4351 1383 4408 si
1403 4351 1469 4424 qui·

139 4460 206 4521 dem
222 4479 365 4536 umquam
376 4458 490 4518 veroid
505 4459 623 4528 habuit3
640 4477 707 4517 nam
723 4459 837 4534 optima
851 4475 986 4533 quaeque
1000 4474 1103 4515 eoram
1119 4471 1264 4513 annorum
1278 4456 1471 4510 monumenta

141 4561 209 4620 sola
228 4563 354 4622 nomina
373 4561 413 4619 M.
433 4560 514 4618 Aelii
534 4558 651 4618 Aurelii
671 4557 813 4618 Caesaris
835 4559 999 4616 enuntiant.
1041 4556 1105 4615 Iam
1128 4554 1179 4630 qui
1202 4553 1286 4612 solus
1308 4551 1339 4610 in
1361 4569 1471 4611 scaena

141 4672 276 4722 remanet
296 4663 336 4721 M.
359 4662 480 4720 Annius
495 4659 594 4720 Verus
617 4677 677 4718 cos.
700 4658 749 4717 Ill
772 4678 799 4717 a.
815 4657 872 4717 126
895 4658 945 4734 (of.
968 4658 1004 4716 de
1026 4676 1062 4716 co
1084 4655 1271 4731 Borghesius
1292 4654 1324 4712 in
1346 4671 1416 4730 opp.
1439 4653 1469 4725 5,

141 4763 199 4822 352
212 4764 294 4839 aeq.)
315 4783 376 4821 non
397 4763 456 4821 hoc
477 4769 591 4821 tantum
612 4761 732 4819 nomine
755 4761 852 4818 locum
875 4777 962 4818 snum
985 4765 1077 4829 tenet,
1100 4757 1181 4832 quod
1203 4755 1285 4814 solus
1310 4755 1394 4830 petit,
1415 4753 1470 4812 scd

140 4864 229 4922 ctiam
249 4870 340 4940 aptus
361 4872 409 4922 cst
429 4871 553 4940 propter
573 4870 710 4921 aetatem.
746 4860 835 4930 Nam,
858 4867 891 4918 ut
910 4859 1020 4936 optime
1036 4857 1150 4916 monuit
1163 4856 1359 4933 Borghesius,
1370 4853 1468 4912 Verus

141 4965 167 5022 is
192 4965 245 5040 qui
273 4983 359 5022 socer
379 4965 436 5023 luit
460 4964 530 5038 imp.
553 4963 617 5035 Pii,
646 4981 721 5021 avus
743 4962 814 5036 imp.
836 4960 947 5030 Marci,
970 4960 1003 5018 in
1025 4965 1160 5016 senatum
1183 4957 1317 5016 adlectus
1339 4975 1363 5014 c.
1384 4971 1411 5011 a.
1428 4953 1467 5012 76

142 5063 217 5139 (rita
232 5065 328 5125 Marci
349 5085 375 5123 o.
393 5066 435 5141 1),
457 5082 486 5122 a.
503 5064 572 5137 126,
595 5081 654 5140 quo
675 5063 794 5122 tertium
817 5063 916 5121 fasces
938 5061 1078 5136 suscepit,
1098 5059 1290 5145 grandaevus
1308 5053 1468 5114 admodum

141 5165 208 5237 luit,
236 5167 268 5224 id
296 5166 376 5241 qnod
401 5167 579 5226 confirmant
605 5181 681 5240 quae
705 5172 864 5222 narrentur
890 5163 919 5220 in
948 5161 1010 5219 rita
1030 5160 1079 5219 Pii
1102 5179 1127 5218 c.
1142 5160 1175 5230 43
1202 5175 1327 5232 cumque
1354 5155 1380 5213 si
1406 5152 1469 5212 ool·

142 5265 224 5325 lusor
250 5265 412 5344 pilicrepus
439 5275 509 5344 post
536 5265 656 5325 tertium
684 5265 872 5323 consulatum
899 5261 1077 5333 celebravit,
1110 5262 1137 5319 is
1164 5266 1195 5320 et
1220 5259 1287 5336 ipse
1313 5273 1406 5314 senex
1431 5269 1468 5312 ec
