3578 5962
350 563 425 636 954
661 579 939 633 orrrnannneun
963 579 1013 631 oo
1038 581 1182 634 ammo
1208 583 1364 636 nrarcrs.

348 775 409 818 non
431 757 528 816 solum
549 774 609 816 non
631 763 741 826 utatur,
763 755 817 813 sed
839 754 928 812 etiarn
950 755 1057 814 tribum
1080 755 1310 834 (ra0[rnentino)
1334 759 1448 817 nomini
1469 760 1625 840 adiunget,
1656 761 1683 820 id

348 860 429 936 quod
452 860 484 918 in
506 861 551 919 eis
574 859 638 917 fieri
659 857 816 916 consuevit
837 858 890 934 qui
910 857 1084 934 cognomine
1106 859 1228 918 omnino
1249 869 1365 934 carent,
1390 881 1459 920 eum
1480 882 1498 922 a
1523 859 1557 922 0.
1578 863 1683 924 diario

348 963 493 1023 Marcello
515 961 593 1020 tituli
614 961 710 1020 nostri
731 958 974 1035 distinguendum·
993 977 1112 1019 censeo.

437 1062 485 1123 12.
512 1062 549 1122 In
575 1064 634 1122 fine
660 1063 748 1120 huius
776 1062 1094 1122 commentatiunculae
1119 1063 1223 1140 paucis
1249 1064 1350 1131 verbis
1376 1065 1413 1124 de
1439 1066 1536 1126 titulis
1562 1067 1682 1128 duobus
1785 1117 1786 1120 ,

349 1184 509 1242 exponam,
532 1166 569 1225 de
591 1167 698 1242 quibus
713 1184 773 1223 non
794 1172 874 1224 recte
889 1164 985 1224 editor
1001 1161 1138 1226 Graecus
1154 1165 1297 1225 statuisse
1310 1166 1436 1227 videtur.
1469 1169 1557 1228 Alter
1578 1169 1682 1228 editus
1785 1229 1786 1248 Ι

348 1275 395 1328 est
417 1287 436 1326 a
458 1267 501 1330 St.
524 1267 707 1327 Kumanude
732 1268 763 1326 in
789 1267 891 1325 libello
918 1257 1095 1350 Ἐπιγραφαῖ
1114 1259 1274 1337 Ἑλληνικαὶ
1300 1302 1339 1314 -
1365 1303 1404 1312 -
1427 1263 1600 1339 ἕκδιδὸμεναι
1631 1265 1681 1333 δα·
1785 1289 1786 1342 l

348 1361 423 1447 πᾶνῃ
445 1371 495 1441 τῆς
517 1369 544 1428 ἒν
564 1361 707 1441 Ἀθήναις
728 1365 867 1453 ἅρχαιοὶ..
890 1361 1019 1454 ἑταιρίας.
1042 1370 1169 1430 Athenis
1193 1368 1282 1445 1860,
1305 1367 1349 1453 cip.
1367 1372 1416 1446 39,
1439 1373 1565 1450 eiusque
1586 1369 1681 1434 v'erba

348 1473 392 1532 ita
414 1490 447 1532 se
468 1473 592 1532 habent:
624 1465 657 1527 ‘0
681 1465 768 1540 δῆμος
787 1469 792 1547 Ι
809 1461 896 1529 Fn'rov
913 1463 1034 1530 'Ao-duee
1054 1473 1059 1550 Ι
1076 1462 1162 1529 Γαΐου
1183 1467 1230 1530 silv
1249 1472 1255 1550 Ι
1273 1467 1433 1558 στρατηγὼ
1451 1474 1456 1552 Ι
1476 1465 1681 1552 ἇποδιδειγμὲ·

349 1597 394 1632 νον
413 1573 419 1649 Ι
437 1569 537 1658 ἀρετῆς
558 1563 639 1638 ἕνεκα
664 1568 669 1652 Ι
691 1562 740 1630 arel
768 1565 877 1634 εὐνοίας
900 1569 906 1653 Ι
928 1575 980 1643 τῆς
1006 1572 1044 1635 εἷς
1071 1567 1170 1631 ἑαυτδν
1195 1569 1200 1655 Ι
1226 1564 1375 1645 ἀνέθηκεν.
1421 1575 1510 1636 Hunc
1536 1578 1679 1636 Asinium

348 1676 519 1736 Pollionem
541 1674 739 1734 Kumanudes
764 1692 832 1734 esse
853 1675 918 1734 vult
939 1675 1067 1736 nobilem
1092 1675 1266 1751 „politicum
1287 1687 1317 1737 et
1337 1678 1545 1750 historicum“,
1573 1698 1679 1756 quam·
1785 1699 1786 1768 j

348 1797 438 1854 quam
459 1779 486 1840 is
508 1777 589 1854 apud
609 1779 771 1855 scriptores
790 1775 883 1836 Gnaei
903 1777 983 1837 filius
1007 1777 1131 1850 dicatur,
1152 1797 1220 1838 cum
1242 1780 1273 1838 in
1293 1789 1397 1839 nostro
1418 1781 1506 1840 titulo
1529 1783 1676 1858 scriptum
1785 1773 1786 1790 .

350 1881 390 1940 sit
410 1871 494 1938 Γαίου
518 1869 575 1938 do‘v.
620 1877 680 1938 Sed
708 1899 744 1937 ea
769 1881 837 1955 ipsa
858 1880 895 1937 de
920 1898 1013 1939 causa
1034 1899 1094 1940 non
1116 1881 1153 1940 de
1174 1881 1281 1940 Asinio
1302 1881 1441 1941 Pollione
1461 1883 1678 1962 intelligendus

347 1991 393 2043 est
414 1982 531 2054 titulae,
557 1982 610 2040 sed
633 1983 671 2040 ad
692 1981 781 2041 buius
803 1981 897 2040 filium
923 1983 953 2042 0.
977 1983 1112 2042 Asinium
1137 1981 1255 2042 Gallum
1275 2001 1335 2042 cos.
1360 1983 1378 2042 8
1400 2003 1428 2043 a.
1451 1982 1523 2044 Chr.
1545 1987 1677 2045 relereu·
1785 1965 1786 2016 3

347 2085 417 2144 dum
444 2101 512 2142 esse
538 2083 786 2143 verisimillimum
809 2093 868 2156 est3
901 2083 944 2142 ita
969 2084 1139 2162 inscriptio,
1174 2085 1286 2161 quippe
1311 2104 1389 2161 quae
1416 2105 1482 2146 enm
1507 2095 1675 2165 praetorem
1785 2123 1786 2126 ι

348 2188 535 2265 designatum
557 2195 652 2258 vocet,
675 2205 754 2244 anno
779 2185 816 2243 12
839 2195 892 2244 aut
915 2186 950 2245 ll
974 2205 1002 2244 a.
1025 2184 1095 2246 Chr.
1118 2187 1286 2263 composita
1310 2187 1349 2246 sit
1369 2205 1494 2248 necesse
1514 2199 1570 2248 est
1616 2189 1675 2250 Sed
1785 2217 1786 2222 ¹

346 2295 447 2367 potest
468 2289 558 2348 etiam
579 2288 704 2364 cogitari
725 2287 762 2345 de
783 2288 870 2346 huius
892 2287 955 2346 filio
972 2288 1003 2347 C.
1019 2288 1123 2348 Aetolo
1138 2288 1267 2348 Pollione
1287 2288 1402 2348 iuniore
1424 2309 1485 2350 eos.
1501 2290 1539 2350 23
1556 2310 1586 2367 p.
1603 2290 1673 2350 Chr.

347 2392 434 2450 Alter
456 2391 561 2450 titulus
584 2409 603 2447 a
623 2389 803 2448 Kumanude
824 2390 855 2448 in
877 2389 980 2448 eodem
1001 2389 1103 2449 libello
1125 2386 1168 2474 cip.
1193 2391 1233 2449 40
1241 2399 1285 2450 ’et
1305 2411 1324 2449 a
1341 2391 1504 2450 Pittakisio
1523 2393 1555 2451 in
1576 2393 1675 2472 Ephe·

347 2493 458 2552 meride
484 2491 712 2568 archaeologica
738 2511 767 2550 n.
790 2491 872 2550 4080
904 2492 1002 2551 editus
1022 2487 1056 2548 ‘0
1079 2485 1166 2564 δῆμος
1187 2491 1194 2568 Ι
1220 2480 1343 2550 Πόπλιον
1369 2483 1528 2576 ΚοριιΙλιΙον
1549 2487 1673 2552 Ποπλίου

347 2590 397 2654 ὁὲν
422 2584 623 2675 ΔοΙλαβέλλαν
650 2587 818 2675 πρατηΙιγὲν
845 2588 946 2677 ἀρετῆς
970 2582 1070 2650 ἕνεκεν·
1116 2595 1217 2670 Atque
1242 2593 1423 2653 Pittakisius
1449 2593 1570 2670 quidem
1600 2597 1672 2655 nihil

347 2697 468 2755 omnino
491 2696 528 2753 de
551 2714 586 2754 eo
608 2694 695 2753 titulo
719 2694 799 2766 dicit,
820 2693 1017 2754 Kumanudes
1039 2713 1120 2768 vero,
1143 2696 1233 2756 homo
1261 2703 1290 2756 et
1310 2695 1464 2772 diligentia
1488 2705 1519 2756 et
1539 2696 1674 2756 doctrina

346 2799 491 2874 insignis,
516 2796 595 2854 hune
620 2796 814 2855 Dolabellam
841 2797 987 2874 collegam
1009 2798 1134 2858 Antonii
1161 2798 1193 2858 in
1220 2799 1379 2858 consulatu
1401 2798 1457 2874 (44
1479 2816 1506 2858 a.
1530 2798 1619 2878 Chr.)
1644 2813 1673 2860 et

346 2918 488 2980 generum
510 2896 665 2958 ciceronis
686 2915 755 2957 esse
777 2899 849 2958 vult.
894 2898 963 2974 Qua
990 2901 1021 2960 in
1045 2920 1078 2959 re
1101 2911 1199 2962 tamen
1221 2902 1344 2960 errauitt
1374 2919 1444 2959 nam
1471 2901 1558 2962 illum
1589 2921 1671 2981 prae-
1785 2893 1786 2926 ³

347 3011 441 3061 torem
468 3019 530 3060 non
554 2999 665 3073 inisse,
700 3000 753 3059 sed
779 3001 894 3060 omissa
914 3011 1056 3080 praetura
1083 3002 1184 3064 statim
1218 3003 1257 3060 ad
1285 3003 1475 3062 consulatum
1501 3007 1672 3080 pervenisse

346 3104 535 3182 Appiani-et
562 3102 672 3162 Dionis
700 3103 879 3164 testimoniis
907 3113 1026 3164 constat
1058 3105 1110 3182 (cf.
1137 3105 1320 3176 Mommsen,
1354 3107 1424 3164 rdm.
1454 3105 1670 3166 Stanteracltl

345 3226 374 3284 p.
397 3206 483 3283 443).
520 3204 622 3280 Quare
642 3205 834 3266 Dolabellam
852 3217 1023 3282 praetorem,
1045 3209 1097 3283 qui
1119 3209 1150 3266 in
1171 3207 1260 3266 titulo
1277 3206 1379 3265 Attico
1400 3217 1457 3280 est,
1478 3209 1583 3285 potius
1604 3227 1670 3268 con·

346 3309 443 3369 sulem
465 3309 536 3366 anni
560 3308 648 3384 lOp.
671 3307 742 3368 Chr.
766 3325 833 3368 esse
855 3319 938 3386 puto,
960 3327 1049 3384 quem
1073 3309 1156 3368 illius
1178 3309 1272 3370 lilium
1293 3309 1389 3368 fnisse
1412 3309 1475 3368 veri
1495 3310 1596 3370 simile
1616 3317 1667 3370 est

344 3411 421 3470 Post
441 3429 509 3468 eum
531 3428 591 3468 non
613 3411 712 3469 solum
733 3411 785 3486 qui
808 3427 885 3468 unus
908 3409 947 3468 ed
968 3411 1154 3470 consulatum
1175 3411 1312 3488 peruenit
1334 3408 1490 3471 Cornelius
1510 3411 1669 3473 Dolabella

345 3510 450 3589 (etp.
475 3510 572 3588 Chr.‚)
594 3513 647 3588 qui
666 3511 747 3571 illius
769 3530 863 3590 nepos
886 3513 953 3571 sine
974 3511 1064 3572 dubio
1084 3511 1149 3585 luit,
1171 3512 1267 3573 Seruii
1286 3531 1469 3590 praenomen
1489 3515 1596 3590 gessit,
1616 3515 1668 3574 sed

345 3615 435 3674 etiam
464 3615 551 3672 huius
579 3622 708 3691 patrem,
738 3614 821 3673 illius
845 3614 939 3674 filium
966 3613 1071 3674 eodem
1096 3615 1290 3691 praenomine
1313 3633 1400 3674 usum
1421 3633 1500 3689 esse,
1522 3635 1562 3675 ex
1583 3617 1666 3676 titulo

345 3715 459 3776 Orelli·
466 3714 590 3773 Henzen
618 3714 698 3773 5999
726 3723 866 3792 apparet,
897 3717 949 3775 ubi
978 3716 1082 3775 consul
1110 3718 1182 3776 anni
1212 3717 1252 3778 86
1280 3727 1403 3777 vocatur
1428 3715 1494 3777 Ser.
1521 3716 1666 3778 Camelitas

345 3815 410 3876 Ser.
431 3817 459 3891 s.
485 3815 521 3873 P.
543 3833 606 3890 nep.
629 3815 664 3874 P.
687 3835 772 3892 pron.
795 3817 832 3876 P.
854 3818 919 3878 aba.
945 3818 1104 3878 Dolabella
1124 3819 1295 3880 Metilianae
1322 3819 1475 3896 Pompeiae
1497 3820 1664 3881 Marcellae.

345 3915 445 3990 Quum
473 3917 566 3993 igitur
591 3916 697 3976 consul
724 3919 794 3977 anni
822 3920 911 3996 lllp.
935 3917 1006 3979 Chr.
1032 3921 1258 3982 recentissimus
1286 3937 1354 3983 esse
1381 3921 1532 3994 videatur,
1557 3921 1607 3998 qai
1633 3921 1664 3980 in

343 4018 400 4077 hac
420 4018 518 4094 gentis
540 4015 698 4079 Corneliae
720 4019 813 4098 stirpe
831 4020 954 4082 Pullius
976 4021 1147 4083 nominatus
1168 4022 1272 4096 luerit,
1302 4024 1330 4084 ei
1350 4022 1455 4084 titulus
1477 4023 1593 4084 Atticus
1614 4023 1664 4082 ad·

343 4118 518 4181 scribendus
539 4121 604 4181 erit.

1207 4385 1464 4448 Drrrnnunaean.
