3546 5950
396 559 469 632 144
967 578 1149 633 trouusnu
1213 631 1217 640 .

396 773 426 812 n.
447 751 539 811 2764.
560 749 657 827 2765)
684 769 772 827 quam
795 768 815 808 a
835 749 994 812 Bursianu
1007 751 1105 828 (Bell.
1128 750 1195 812 dell'
1214 753 1288 812 leat.
1313 753 1392 814 1855
1413 772 1442 830 p.
1458 755 1582 830 XXX),
1603 757 1683 814 collau

394 854 523 930 denique
548 871 644 929 nuper
668 871 688 910 a
707 851 877 924 Kochlero,
903 873 958 913 nec
983 853 1071 912 latuit
1094 853 1174 914 viros
1195 854 1317 926 doctos,
1342 855 1395 931 qui
1416 873 1470 932 per
1490 857 1543 914 hos
1563 875 1643 915 annos
1658 857 1684 916 de

395 955 517 1015 familiis
538 954 601 1014 illis
624 959 762 1030 egerunt,
790 961 889 1013 tamen
911 955 949 1013 ad
974 973 1050 1033 quos
1071 956 1192 1033 proprie
1213 956 1376 1033 pertineat,
1397 956 1427 1014 in
1449 965 1533 1016 tants
1551 960 1625 1016 turba
1640 967 1682 1016 mn

394 1055 579 1116 liciniorum
607 1073 697 1132 quarn
719 1051 951 1132 Calpurniorum
978 1056 1109 1115 nondum
1131 1055 1321 1133 exploratum
1342 1064 1398 1116 est.
1442 1056 1598 1133 Quaerenti
1615 1059 1644 1116 de
1660 1078 1684 1117 ca

394 1158 624 1234 Dittenbergero
645 1172 723 1232 quae
743 1156 895 1233 respondi,
917 1157 1045 1231 licetne
1066 1159 1139 1216 mibi
1160 1158 1280 1235 quidem
1301 1159 1491 1230 successerit,
1512 1168 1544 1217 ut
1563 1160 1684 1218 omniaad

393 1259 541 1338 liquidum
561 1258 763 1334 perducerem,
787 1264 885 1316 tamen
908 1277 968 1317 non
990 1258 1194 1335 indignarier
1208 1267 1288 1332 sunt,
1311 1279 1387 1336 quae
1400 1260 1450 1320 hic
1464 1259 1653 1337 proferrentur.

477 1358 613 1419 Titulum
640 1359 771 1434 optimae
798 1360 906 1418 aetatis
932 1378 1000 1419 esse
1027 1378 1096 1419 cum
1122 1361 1192 1420 inde
1219 1360 1381 1438 colligitur,
1409 1361 1491 1438 quod
1511 1363 1627 1420 honores
1642 1378 1685 1418 non

393 1470 555 1538 ponuntur,
581 1467 644 1518 tum
666 1459 796 1518 maxime
817 1479 857 1519 ex
878 1460 989 1536 forma,
1017 1480 1094 1539 quae
1115 1468 1163 1521 est
1184 1452 1372 1544 Καλπέρνιος,
1397 1463 1573 1539 praehabita
1589 1465 1614 1521 ei
1630 1479 1685 1537 quae

393 1570 500 1642 postea
524 1561 653 1621 obtinuit
677 1578 824 1638 expressa
849 1581 903 1639 per
929 1583 971 1620 ου.
1013 1561 1094 1623 Nam
1121 1563 1336 1623 demonstravit
1356 1583 1453 1642 nuper
1473 1564 1684 1638 Dittenbergerns

394 1665 425 1724 in
445 1663 577 1723 Hermae
596 1662 690 1722 volti
712 1681 741 1740 p.
758 1659 819 1720 284
838 1660 982 1722 Latinum
1008 1685 1040 1720 ου
1068 1682 1124 1740 pro
1150 1665 1317 1740 antiquiore
1343 1687 1357 1721 ο
1381 1665 1412 1724 in
1434 1665 1544 1724 talibus
1564 1685 1581 1724 a
1599 1665 1684 1722 Tiberii
1742 1717 1743 1720 ,

393 1765 456 1824 sere
483 1772 580 1824 aetate
604 1763 752 1841 incipere,
780 1763 981 1841 antiquiorem
1007 1763 1156 1824 scribendi
1181 1767 1328 1826 rationem
1348 1775 1417 1844 post
1437 1767 1564 1843 primum
1583 1775 1684 1825 nostran
1742 1755 1743 1764 ³

394 1867 547 1927 saeculum
568 1884 628 1924 non
650 1863 778 1942 amplius
799 1883 966 1938 occurrere,
987 1874 1022 1926 nt
1043 1866 1090 1925 vel
1110 1885 1150 1926 ex
1170 1867 1227 1926 hoc
1249 1868 1315 1927 solo
1335 1876 1512 1944 argumento
1526 1867 1684 1928 mustettitn·

393 1969 456 2028 lum
476 1986 545 2027 eum
565 1967 603 2024 de
623 1983 685 2043 quo
707 1966 824 2042 agimus
846 1965 979 2025 Traiano
1000 1967 1180 2027 anteriorem
1201 1985 1279 2028 esse.

477 2068 566 2128 Duae
593 2073 711 2128 statuae
736 2066 831 2127 eidem
859 2067 926 2128 basi
951 2068 1111 2145 impositae
1139 2087 1206 2128 cum
1227 2088 1286 2128 non
1307 2071 1500 2132 inveniantur
1520 2071 1575 2130 nisi
1592 2071 1620 2128 in
1635 2085 1684 2126 con·

392 2171 503 2232 iunctis
522 2169 683 2246 personis,
711 2169 843 2228 maxime
867 2169 898 2227 in
925 2170 1117 2248 coniugibus,
1143 2170 1221 2230 inter
1246 2171 1329 2232 basis
1354 2172 1438 2232 illius
1464 2173 1500 2232 L.
1522 2171 1644 2231 Pisonen
1664 2177 1684 2226 et

393 2275 435 2334 M.
464 2271 560 2348 Frugi
591 2268 780 2330 necessitudo
812 2269 916 2345 aliqua
943 2271 1143 2332 intercesserit
1168 2289 1294 2332 necesse
1322 2279 1375 2333 est.
1425 2272 1587 2334 Videamus
1611 2273 1684 2348 igitur,

393 2376 446 2452 qni
467 2372 621 2433 extiterint
642 2369 748 2434 Crassi
769 2371 875 2448 Frugi,
900 2380 931 2431 et
955 2371 1025 2442 inde
1045 2373 1170 2449 profecti
1192 2389 1339 2451 quosnam
1360 2374 1382 2433 ii
1402 2376 1545 2452 aequales
1564 2371 1684 2434 habuerint

393 2476 430 2534 1..
452 2475 592 2534 Pisones.

478 2575 573 2654 Frugi
595 2591 761 2652 cognomen
781 2582 879 2634 aetate
900 2574 1013 2636 liberae
1033 2575 1079 2634 rei
1099 2576 1236 2654 publicae
1252 2577 1405 2655 proprium
1418 2577 1478 2638 luit
1492 2576 1684 2654 Calpurniorun

394 2678 555 2748 Pisonum,
581 2692 708 2752 quorum
735 2676 850 2751 primus
877 2676 910 2735 id
934 2676 1049 2756 accepit
1069 2687 1100 2738 et
1120 2677 1158 2736 ad
1179 2687 1318 2754 posteros
1338 2681 1520 2760 propagavit
1538 2678 1572 2738 L.
1592 2676 1684 2752 Calpur·

394 2779 463 2837 nius
484 2777 520 2835 L.
543 2777 564 2834 f.
579 2775 654 2839 Piso
668 2775 763 2853 Frugi
784 2784 820 2835 tr.
843 2777 884 2856 pl.
907 2796 934 2837 a.
951 2777 1022 2851 605,
1043 2796 1106 2838 cos.
1128 2761 1155 2837 a.
1171 2778 1230 2840 621
1243 2779 1283 2856 ¹),
1305 2779 1385 2840 idem
1405 2797 1507 2840 rerum
1521 2780 1684 2839 Romanunm

394 2879 529 2957 locuples
551 2886 663 2937 auctor.
699 2877 849 2937 Videntur
869 2887 969 2938 antem
991 2880 1121 2939 Pisones
1143 2879 1237 2959 Frugi
1259 2889 1290 2941 et
1309 2881 1438 2940 Pisones
1455 2880 1617 2950 Caesonini,
1633 2893 1684 2953 que

394 3000 460 3040 rum
482 2981 621 3059 princeps
642 2986 690 3037 est
709 2978 745 3036 1..
762 2977 946 3058 Calpurnius
970 2978 1004 3040 C.
1027 2982 1049 3039 f.
1065 2979 1100 3041 C.
1122 3001 1152 3040 n.
1174 2981 1248 3041 Piso
1267 2979 1458 3042 Caesoninus
1481 2983 1582 3042 consul
1599 2999 1622 3038 a.
1635 2976 1684 3044 sot,

393 3082 520 3161 profecti
546 3099 614 3140 esse
640 3080 679 3139 ab
706 3080 811 3140 eadem
832 3082 940 3160 stirpe,
968 3081 1083 3142 scilicet
1103 3100 1276 3142 communes
1297 3083 1428 3144 maiores
1451 3084 1587 3143 habuisse
1607 3077 1685 3140 CPi·

392 3203 497 3244 sonem
520 3180 555 3242 C.
578 3183 600 3240 f.
623 3179 659 3241 C.
680 3201 709 3240 n.
736 3182 892 3241 consulem
918 3200 945 3241 a.
961 3183 1023 3242 574
1049 3181 1134 3244 et-C.
1158 3183 1301 3242 Pisonem
1327 3195 1499 3262 praetorem
1523 3204 1550 3244 a
1564 3183 1629 3252 543,
1650 3177 1685 3253 qui

393 3285 493 3363 primi,
514 3292 660 3360 quantum
680 3281 800 3359 quidem
821 3300 877 3342 uos
899 3283 1108 3362 comperimus,
1129 3293 1247 3361 gentem
1262 3265 1459 3362 Calpurniam
1476 3286 1684 3346 nobilitaverunt

392 3405 462 3447 nam
485 3393 515 3445 et
535 3383 697 3462 propinqui
717 3383 775 3443 sibi
796 3383 971 3460 dicunturl)
993 3393 1025 3444 et
1044 3386 1240 3463 praenomina
1253 3385 1325 3446 Gaii
1346 3387 1478 3447 etLucii
1499 3387 1607 3463 utrique
1624 3379 1685 3453 stirpi

392 3487 562 3547 communia
589 3491 659 3544 sunt
686 3493 717 3543 et
742 3485 882 3544 extinctis
903 3485 1067 3544 Pisonibus
1088 3486 1184 3563 Frugi
1208 3505 1374 3564 cognomen
1394 3489 1454 3548 hcc
1475 3489 1513 3548 ad
1536 3483 1686 3548 Caesonine

392 3598 545 3666 tamquam
570 3583 723 3663 gentilicio
743 3584 810 3644 iure
829 3586 948 3645 ridetur
971 3587 1136 3647 transiisse
1178 3587 1347 3647 Nemeum
1368 3589 1516 3648 Pisonum
1537 3587 1622 3664 Frugi
1638 3581 1686 3640 ulti·

394 3708 472 3761 mus,
487 3705 576 3764 quem
591 3686 711 3763 quidem
725 3688 869 3759 norimus,
883 3685 981 3746 Gaius
996 3695 1140 3764 quaestor
1153 3706 1180 3748 a.
1194 3688 1255 3749 696
1268 3707 1361 3767 gener
1375 3687 1531 3750 Ciceronis
1545 3687 1685 3750 mnemia

393 3788 503 3848 obierit
522 3805 600 3866 anno
622 3786 813 3864 sequentei),
834 3805 1000 3866 cognomen
1022 3807 1093 3848 mox
1114 3789 1192 3849 redit
1211 3791 1243 3849 in
1263 3789 1299 3849 L.
1323 3789 1489 3867 Calpurnio
1509 3790 1544 3851 L.
1565 3791 1584 3849 f.
1603 3787 1685 3848 Pisone

394 3890 489 3966 Frugi
515 3887 638 3948 consule
664 3906 692 3947 a.
709 3887 824 3966 739⁴),
851 3907 939 3967 quem
964 3899 1084 3950 constat
1109 3898 1230 3951 auctore
1251 3891 1361 3951 Tacito
1387 3891 1471 3968 (ann.
1495 3889 1589 3968 6,10)
1610 3895 1686 3948 natun

393 4083 597 4095 ..-.—-——--

471 4215 495 4279 ¹)
523 4215 565 4268 Ci.
589 4215 756 4268 Dmmannus
781 4220 812 4281 2,
832 4220 926 4284 ttlseq.
969 4219 1055 4270 Patris
1078 4236 1172 4272 nomen
1195 4223 1343 4274 rescivimus
1368 4237 1401 4273 ex
1426 4219 1592 4274 monumentis
1612 4215 1633 4275 1,
1648 4207 1685 4260 196

393 4310 429 4374 (p.
443 4307 488 4370 62)
507 4323 532 4358 r.
547 4309 583 4358 74
608 4308 678 4370 etl,
699 4309 761 4359 642.
800 4307 850 4360 Gai
874 4324 955 4375 nepos
974 4312 1050 4376 vulgo
1073 4313 1216 4378 appellatur
1238 4314 1294 4364 sine
1312 4319 1425 4365 auctore.
1462 4313 1617 4379 cognomen.
1637 4297 1686 4367 (610(Ι

392 4405 493 4466 ponunt
509 4399 560 4463 ipsi
578 4399 639 4449 lasti
652 4398 837 4480 Capltolini‘ss
855 4415 880 4464 p.
894 4401 969 4464 466),
989 4417 1048 4452 enm
1065 4405 1177 4468 primum
1196 4405 1319 4455 meruisse
1338 4405 1432 4456 diserte
1446 4406 1484 4455 ait
1497 4405 1624 4454 adnotator
1633 4393 1685 4444 Cice·

391 4493 463 4546 renis
480 4489 617 4542 Bobiensis
640 4505 666 4554 p.
681 4490 745 4541 263.
780 4490 926 4557 Diligenter
950 4493 982 4544 de
1006 4509 1038 4544 eo
1062 4494 1129 4545 dixit
1153 4510 1235 4562 nuper
1256 4497 1346 4547 Herm.
1366 4496 1445 4547 Peter
1467 4495 1528 4546 hist.
1545 4493 1613 4544 Rom.
1633 4483 1686 4543 reliq·

391 4599 418 4647 p.
431 4581 624 4633 CLXXXVIII
632 4596 686 4646 seq.

469 4668 494 4734 ¹)
520 4673 551 4722 1..
571 4672 633 4723 Plso
654 4671 814 4724 Caesoninus
832 4674 922 4724 consid
940 4689 964 4724 a.
979 4675 1032 4726 696
1051 4677 1211 4743 propinquus
1229 4677 1323 4728 dicinrr
1339 4679 1442 4730 Pisonis
1459 4675 1537 4742 Frugi
1554 4673 1598 4724 riri
1609 4665 1686 4720 'lnllltt

392 4761 462 4826 apud
481 4761 631 4814 Ciceronem
655 4779 714 4814 cum
737 4778 792 4815 sen.
810 4779 849 4830 gr.
869 4779 909 4830 eg.
931 4765 977 4829 15,
992 4767 1027 4820 36
1053 4774 1080 4818 et
1101 4783 1150 4833 pro
1168 4769 1236 4822 Sest.
1256 4769 1301 4831 31,
1314 4769 1363 4832 66,
1388 4769 1474 4822 aldnis
1493 4763 1617 4820 Ciceronis
1635 4751 1686 4820 ⁸l¹¹l

392 4855 476 4918 ipsum
494 4869 542 4920 pro
561 4854 629 4911 Sest.
648 4855 724 4906 tun.

468 4940 494 5005 ⁸)
521 4943 659 4996 Drnmann
677 4947 702 5008 2,
717 4947 761 4997 66.

468 5031 493 5096 ⁴)
520 5035 590 5086 Nam
606 5033 642 5086 A.
661 5024 834 5105 Κιλιιοῦρνιος
850 5034 885 5088 Λ.
899 5037 932 5089 ut.
954 5033 1045 5090 Πίσων
1064 5027 1186 5108 &eriperer
1202 5041 1297 5092 dieitur
1315 5041 1343 5094 in
1361 5041 1449 5092 Indice
1466 5039 1572 5099 Dionis,
1594 5033 1631 5084 nbi
1650 5027 1685 5076 11⁰⁰

392 5131 541 5190 corruptum
560 5139 615 5179 esse
633 5133 741 5192 apparet
759 5141 793 5178 ex
810 5127 915 5196 epstys.
949 5131 1087 5185 Praeterea
1105 5132 1161 5184 solo
1174 5131 1278 5183 Pisonis
1296 5133 1447 5198 cognomine
1465 5130 1607 5196 appellatur.
1622 5125 1685 5180 nque

391 5223 512 5282 nmquam
531 5217 670 5270 Caesonlut
689 5217 713 5269 ei
731 5218 859 5270 tribuitur.
