3546 5950
435 581 1044 638 oasnsvnmonssnrrne.vn.vnn
1327 571 1397 644 143

74 760 114 835 (a
127 755 309 834 218-222)
331 765 383 818 aut
404 758 460 818 sub
474 756 651 817 Alexandro
673 755 716 832 (a.
732 755 912 834 ill-235)
933 757 1109 818 Britanniae
1129 761 1305 839 praefuerits
1327 765 1399 824 milri

72 871 170 920 tamen
192 861 267 918 haec
287 859 461 918 coniectura
481 878 585 936 parum
608 860 765 937 probatur.

152 961 244 1021 Addo
270 961 356 1021 locos
382 960 527 1037 quosdam
556 968 727 1033 auctorem,
759 961 811 1037 qui
842 962 882 1018 ad
910 960 989 1020 huno
1016 959 1159 1022 Sabinum
1194 966 1296 1026 referri
1331 986 1399 1046 pos·

72 1064 139 1122 sint.
189 1061 304 1122 Narrat
329 1063 382 1138 qui
408 1062 499 1121 vitam
527 1060 684 1139 Elagabali
714 1061 834 1138 scripsit
859 1081 884 1122 c.
903 1061 940 1122 16
968 1064 1027 1122 sie:
1056 1063 1195 1124 Sabinum
1223 1071 1400 1130 consularem

71 1168 176 1234 uirum,
202 1166 246 1222 ed
270 1183 351 1241 men
377 1163 464 1223 libros
491 1161 634 1241 Ulpianus
661 1163 830 1240 scripsit1),
858 1165 937 1239 qnod
962 1167 992 1222 in
1018 1166 1086 1224 cris
1110 1172 1291 1231 remansisset
1315 1172 1399 1248 (nam

72 1265 202 1325 iusserat
222 1266 387 1343 imperator
406 1271 544 1325 unamm
566 1265 640 1325 urbe
659 1263 815 1340 decedere)
841 1273 939 1324 coesto
961 1270 1119 1326 oenmrione
1139 1271 1319 1333 mollioribus
1339 1293 1400 1334 ver·

72 1367 113 1426 lis
139 1369 227 1426 iussit
252 1369 362 1428 occidis
385 1369 437 1426 sed
461 1371 588 1426 cenmrio
613 1385 684 1428 cure
708 1367 840 1426 surdiori
865 1369 1004 1441 imperari
1028 1367 1086 1426 sili
1111 1373 1248 1443 eredidit,
1276 1387 1307 1435 ut
1330 1376 1401 1436 urbe

69 1470 237 1544 pelleretur.-
265 1471 310 1528 aie
332 1471 430 1528 sitiam
455 1473 627 1528 centurionis
648 1467 758 1529 Sabino
784 1467 875 1526 saluti
890 1469 965 1554 finit,
992 1487 1090 1547 neque
1110 1473 1269 1548 quicquam
1290 1477 1400 1550 obstat,

72 1569 234 1646 quominus
260 1585 326 1630 eam
354 1570 609 1630 narratiunculam
636 1569 674 1630 ad
703 1567 847 1630 Sabinum
875 1577 1010 1629 nostrum
1037 1570 1220 1647 referamns;
1254 1577 1307 1636 sed
1334 1579 1400 1655 pari

72 1671 133 1729 iure
161 1670 313 1748 pertinere
338 1681 438 1749 potest
464 1673 502 1730 ad
529 1668 566 1731 P.
593 1669 714 1732 Catium
744 1668 888 1732 Sabinum
917 1671 1070 1731 consulem
1098 1692 1125 1732 a.
1146 1674 1216 1736 216.
1240 1711 1278 1721 -
1312 1675 1401 1752 Quod

74 1771 131 1830 Dio
156 1773 265 1834 scribit
288 1771 378 1846 lo,9
403 1773 573 1834 Polleninm
601 1771 770 1834 Sebennum
796 1773 960 1832 delatorem
987 1773 1042 1832 sub
1069 1772 1181 1836 Severo
1207 1787 1314 1854 postea
1338 1781 1402 1841 No-

72 1873 149 1947 ricis,
173 1891 251 1951 quos
273 1875 351 1934 male
371 1874 652 1948 administravisset,
673 1875 712 1934 ad
733 1891 859 1951 poenam
880 1873 1057 1934 sumendam
1077 1875 1208 1936 deditum
1230 1897 1298 1939 esse
1312 1900 1331 1939 a
1347 1881 1402 1943 Sa·

73 1973 140 2032 bino
164 1965 314 2052 (ἐκδοθεὶς
336 1970 390 2033 ainsi
412 1968 543 2037 Σαβῖνου
564 1977 622 2034 τοῖς
642 1978 786 2058 Nepesinis,
812 1964 849 2033 aiu
870 1965 965 2058 ἄρξας
986 1965 1066 2032 addis
1087 1972 1214 2061 χρηστὲν
1236 1973 1402 2054 ἐπεποιήκει,

73 2067 219 2152 ulamma
237 2067 393 2153 πέπονθε),
414 2096 513 2156 neque
527 2078 602 2136 satia
617 2076 760 2155 intellego
773 2095 829 2137 neo
842 2079 939 2154 magis
954 2077 991 2136 ad
1006 2094 1163 2153 quemnam
1178 2077 1321 2142 Sabinum
1336 2102 1401 2161 per·
1438 2083 1441 2088 ’

72 2178 162 2236 tineat
187 2178 344 2255 perspicio.
361 2211 400 2223 -
421 2177 561 2255 Denique
576 2176 706 2238 Sabinus
727 2179 755 2238 is
777 2179 829 2255 qui
850 2178 1066 2256 praefecturam
1087 2181 1171 2240 urbis
1193 2191 1265 2258 posi
1277 2203 1402 2244 munera

72 2279 228 2356 complura
241 2279 412 2340 consularia
431 2281 644 2340 administrans
666 2299 692 2339 a.
706 2278 765 2340 23⁷
787 2281 819 2339 in
840 2280 970 2340 tumultu
992 2281 1074 2340 civili
1095 2265 1234 2360 periit'),
1255 2294 1355 2362 potest
1375 2288 1401 2346 is

72 2379 133 2455 ipsa
152 2397 239 2453 esse,
260 2381 298 2440 de
319 2398 379 2458 quo
400 2382 533 2459 agimus3
555 2399 736 2459 quamquam
758 2381 807 2441 hic
828 2400 947 2459 quoque
967 2383 1040 2441 item
1061 2383 1099 2442 ds
1119 2383 1155 2442 P.
1178 2382 1266 2444 Catio
1288 2385 1403 2447 Sabino

72 2481 195 2560 cogitari
216 2489 325 2559 potest.
362 2479 443 2543 Sane
457 2484 534 2543 sicut
547 2483 635 2542 nobis
650 2483 802 2556 suecessit,
825 2493 858 2542 ut
872 2502 929 2561 ops
943 2483 1097 2543 titulorum
1110 2505 1205 2565 nuper
1217 2495 1403 2565 repertorum

74 2582 176 2642 horum
199 2593 370 2660 temporum
392 2582 550 2664 caliginem
571 2584 751 2662 quibusdam
771 2584 934 2644 luminibus
955 2583 1189 2661 illustraremus,
1214 2588 1258 2647 ita
1279 2607 1403 2667 speran-

73 2683 138 2744 dum
160 2691 212 2744 est
233 2685 308 2760 iore,
329 2694 364 2744 ut
383 2687 603 2762 posterioribus
624 2703 753 2764 quoque,
780 2687 869 2745 modo
889 2685 998 2745 curiosi
1020 2703 1089 2748 esse
1109 2696 1245 2766 pergant,
1266 2691 1404 2752 similiter

74 2787 228 2865 contingat
248 2787 287 2846 ab
308 2787 357 2848 his
378 2787 621 2865 temptaminibus
642 2789 799 2867 pervenire
820 2787 859 2848 ad
880 2788 1024 2848 ulteriora
1045 2797 1076 2848 et
1096 2791 1232 2851 cerfiora.

637 3025 841 3038 —nn—-n—-a

261 3221 352 3283 v111.
395 3217 580 3284 TITVLVS
602 3218 788 3283 ATTICVS
811 3219 946 3280 FRVGI
966 3219 1022 3280 ΕΤ
1043 3219 1221 3283 PISONlS.

155 3367 277 3446 Viginti
298 3368 406 3427 abhinc
427 3367 514 3426 annis
536 3386 575 3426 ex
596 3366 752 3443 parietinis
773 3366 960 3425 Athenarum
982 3384 1060 3443 quae
1081 3367 1203 3426 emersit
1222 3367 1305 3426 basis
1327 3386 1404 3427 mar-

75 3471 163 3529 moris
184 3470 335 3530 Pentelici
355 3475 497 3548 prostans
519 3468 609 3527 hodie
629 3468 668 3527 ad
688 3467 911 3528 Parthenonem
934 3467 1117 3527 occidentem
1139 3468 1285 3545 verensi)

444 3602 467 3648 Ο
489 3603 595 3648 antio}

321 3739 454 3784 namon
505 3737 707 3783 rannornron
798 3739 923 3782 naraon
993 3738 1158 3782 ararunron

322 3839 453 3885 mmor
479 3839 554 3884 rron
583 3839 710 3883 unisona
799 3838 923 3883 maeror
948 3839 1023 3883 aron
1051 3829 1159 3886 drorrr

323 3940 711 3987 morassnsmrrrtsms
801 3940 931 3984 ennoias
942 3939 1038 3983 suern
1048 3941 1105 3985 rus
1118 3941 1161 3985 ers

477 4040 564 4084 aron
936 4041 1038 4086 saron

75 4165 110 4206 eo
123 4149 248 4208 nomine
261 4146 400 4226 insignis,
415 4143 497 4223 quod
512 4145 590 4204 dnos
604 4143 731 4203 duarum
745 4144 999 4203 nobilissimarum
1011 4144 1191 4204 familiarum
1202 4144 1405 4204 Romanarum

75 4251 153 4310 viros
175 4248 346 4326 coniungit,
372 4247 429 4307 etsi
451 4263 511 4305 non
532 4243 626 4306 semel
647 4244 759 4323 prodiit
780 4246 932 4323 descripta
951 4253 1012 4305 tam
1034 4262 1053 4304 a
1074 4245 1204 4305 Pittacio
1225 4240 1309 4321 (Ἐφ.
1331 4241 1404 4328 cipe.

151 4507 175 4572 ¹)
205 4508 313 4561 Scilicet
342 4506 459 4558 oonlndit
486 4505 597 4570 scriptor
623 4505 729 4556 inscitus
753 4518 812 4556 cum
836 4504 935 4558 Sabino
957 4504 1007 4554 hoc
1030 4503 1173 4555 Masurinm
1193 4503 1318 4556 Sabinum
1343 4503 1407 4554 iuris

76 4607 206 4650 sudorem
226 4599 319 4650 sentis
336 4597 502 4649 Tiberianae.

149 4689 176 4754 ²>
206 4690 373 4743 Herodianus
386 4691 412 4751 7,
427 4690 442 4739 7
450 4707 457 4738 r
478 4682 538 4755 ipra
554 4682 666 4755 stilpon
685 4679 807 4754 tpsunloo
826 4681 927 4755 iyivaso‚
948 4677 979 4743 ric
996 4681 1036 4735 sal
1048 4673 1090 4734 riis
1102 4682 1145 4749 vit
1155 4670 1252 4742 πὸλιως
1264 4671 1407 4755 ὕκᾶρχοντα

75 4772 136 4846 puel
156 4769 265 4850 ιρὶξιις
286 4765 388 4837 πολλὰ
405 4767 524 4836 inarmis
547 4773 675 4842 (Σαβῖνος
692 4773 720 4827 di
738 4767 766 4842 ἧν
785 4765 862 4846 inops
881 4769 961 4844 asiai)
979 4765 1131 4846 βουλὲμινον
1149 4771 1260 4825 κωλῦσαι
1277 4766 1310 4826 ssi
1326 4765 1408 4845 ptyad-

75 4889 133 4938 psva
152 4861 226 4940 ξιΐλφ
248 4867 394 4922 assedisse
416 4862 480 4920 scel
503 4866 548 4919 τοῦ
569 4860 668 4937 κρανίου
685 4867 843 4935 cahaniis-as.
880 4870 944 4920 Vita
962 4867 1044 4920 (iord.
1065 4868 1112 4920 132
1137 4874 1195 4918 nene
1218 4874 1244 4917 et
1260 4866 1409 4936 moelem

75 4963 133 5014 urbi
143 4963 261 5016 »ςαόὑιω
278 4962 421 5016 somlaris
438 4961 490 5012 inin
507 4961 549 5012 eir
559 4960 631 5026 fiale
644 4975 781 5028 percum
799 4961 896 5012 occisus
914 4967 940 5011 et
955 4960 983 5010 in
999 4957 1100 5028 publico
1120 4957 1254 5011 derelictus
1270 4965 1318 5021 eat,
1339 4959 1408 5010 undo

77 5056 238 5121 supplendus
255 5061 294 5106 ssi
311 5055 385 5106 locus
402 5053 478 5104 hians
496 5053 566 5103 ritae
582 5053 720 5104 Maximini
740 5068 761 5103 o.
778 5052 821 5103 lle.

150 5143 178 5206 ²)
208 5147 243 5198 In
265 5145 367 5212 postica
388 5151 462 5210 parts
485 5143 600 5196 eiusdem
623 5145 694 5198 basis
720 5157 785 5212 quae
811 5144 907 5208 scripta
934 5149 993 5195 sunt
1020 5131 1066 5192 ill
1093 5143 1218 5191 tortian}
1242 5141 1406 5188 annornm«

77 5246 93 5283 a
109 5237 240 5302 primaria
256 5237 424 5301 inscriptions
441 5235 527 5288 nisus
544 5241 612 5287 sunt.
