3578 5962
597 568 646 619 nn
672 569 817 622 rrnvurs
843 569 998 623 srrrcrs.
1385 554 1457 626 249

126 744 194 803 eius
220 751 339 824 tempus
366 742 535 803 accuratius
561 741 733 816 definiatur,
762 744 866 820 paucis
895 744 1076 804 monendum
1104 755 1163 818 est,
1190 763 1210 804 a
1234 745 1402 824 Borghesio
1428 745 1459 805 in

126 845 334 925 disputatione
361 845 399 903 de
420 845 572 904 luvenalis
597 853 705 920 poetae
731 852 828 904 aetate
850 844 945 922 (Opp.
968 844 997 903 V
1017 866 1048 923 p.
1071 846 1198 926 dii-sqq.)
1224 848 1460 909 demonstratum

126 963 197 1008 esse
218 947 372 1008 Accilium
392 947 512 1006 luccam
534 955 564 1006 et
584 947 691 1006 lulium
713 947 848 1008 Seuerum
869 948 1024 1022 consules,
1053 948 1091 1007 ad
1117 967 1245 1025 quorum
1274 970 1383 1009 annum
1405 949 1460 1009 Ul·

126 1050 238 1128 pianus
260 1049 344 1126 (Dig.
359 1048 429 1121 XL,
448 1048 485 1124 V,
507 1049 527 1108 1.
544 1048 584 1108 28
604 1048 669 1126 54)
691 1056 815 1110 senatus
837 1051 1006 1110 consultum
1021 1051 1198 1110 lancianum
1219 1053 1339 1126 referat,
1360 1053 1460 1112 fasces

128 1151 265 1229 gessisse
286 1151 401 1212 ultimis
422 1151 575 1222 mensibus
597 1151 668 1210 anni
692 1149 749 1209 127
773 1170 803 1229 p.
827 1149 899 1210 (ihr.
923 1151 999 1229 (880
1021 1173 1050 1211 u.
1073 1152 1123 1229 c).
1168 1152 1292 1215 Scilicet
1313 1157 1344 1215 in
1365 1155 1459 1232 diplo-

127 1264 210 1314 mate
231 1253 353 1313 militari
375 1254 463 1312 tertio
481 1253 592 1312 mensis
607 1252 748 1314 Octobris
770 1253 828 1325 die,
849 1272 916 1313 cum
931 1254 1104 1315 Hadrianus
1126 1254 1288 1334 imperator
1302 1257 1461 1316 tribunicia

124 1362 277 1434 potestate
297 1356 344 1414 XI
364 1363 446 1414 esset
467 1355 502 1432 (i.
523 1373 548 1414 e
574 1353 632 1414 127
654 1373 684 1432 p.
708 1353 793 1433 Chr.)
815 1357 982 1434 composito
1004 1357 1051 1417 bis
1072 1358 1240 1436 perscripta
1260 1367 1332 1419 sunt
1352 1377 1460 1420 consu·

125 1455 190 1516 lum
217 1457 353 1529 nomina3
381 1465 516 1534 utroque.
533 1457 600 1516 loco
619 1439 789 1517 'admodum
820 1459 957 1518 mutilata
986 1467 1071 1531 sunt,
1098 1459 1150 1519 sed
1177 1460 1363 1538 Borghesius
1387 1480 1460 1539 gra-

126 1558 264 1618 vissimis
291 1561 476 1638 argumentis
508 1557 605 1618 effecit
633 1576 659 1618 t.
686 1574 814 1619 sturmo
843 1575 940 1620 rvuco
968 1577 1031 1620 sax.
1062 1577 1147 1622 rutro
1174 1577 1290 1620 severo
1318 1564 1460 1641 scriptum

125 1659 234 1719 fuisse.
269 1659 412 1721 Adhunc
426 1679 538 1720 annum
552 1661 644 1738 igitur
662 1657 753 1721 etiam
767 1661 921 1722 Iuvenalis
936 1661 1036 1722 locum
1050 1663 1123 1736 XV,
1140 1663 1178 1723 tt
1203 1667 1336 1740 „cereale
1351 1667 1459 1725 Iunco“

125 1761 318 1822 referendum
339 1780 417 1822 esse.
450 1762 510 1822 Hic
531 1771 629 1822 autem
645 1763 718 1841 quin
732 1763 810 1823 idem
825 1764 915 1824 fuerit
929 1784 996 1823 cum
1016 1765 1069 1824 illo
1083 1766 1135 1842 qui
1156 1767 1188 1826 in
1202 1768 1318 1828 Achaia
1340 1787 1462 1828 munere

126 1864 220 1942 legati
241 1865 420 1926 correctoris
442 1864 562 1924 iunctus
585 1873 641 1936 est,
666 1883 763 1942 neque
784 1864 969 1942 Borghesius
992 1867 1141 1925 dubitavit
1162 1887 1259 1945 neque
1281 1888 1461 1948 quemquam

125 1965 221 2026 alium
242 1966 445 2026 dubitaturum
465 1973 549 2044 puto.
592 1966 658 2025 Iam
685 1968 714 2027 si
739 1967 862 2027 definire
887 1968 1024 2028 volemus
1051 1987 1111 2045 quo
1134 1976 1269 2049 tempore
1291 1989 1356 2030 eam
1378 1971 1458 2049 lega-

126 2066 239 2128 tionem
266 2069 446 2145 susceperit,
473 2068 677 2145 quaerendum
702 2078 763 2142 est,
791 2075 890 2128 utrum
915 2078 986 2128 ante
1012 2071 1201 2131 consulatum
1223 2091 1260 2130 ea
1279 2072 1400 2134 iunctus
1423 2060 1462 2132 sit

125 2188 167 2229 an
187 2178 304 2247 postea.
347 2171 449 2247 Atque
475 2189 541 2230 cunr
569 2169 730 2230 viderimus
756 2179 875 2248 praeter
900 2191 967 2230 eum
993 2172 1092 2247 ipsum
1114 2191 1169 2231 sex
1191 2175 1360 2234 innotuisse
1382 2175 1460 2234 eius-

125 2271 209 2330 modi
229 2273 347 2350 legatos
370 2281 553 2332 correctores
570 2272 734 2332 liberarum
756 2273 932 2347 civitatium,
954 2273 1045 2333 adid
1067 2275 1278 2334 attendendum
1301 2285 1357 2347 est,
1379 2277 1460 2354 quod

126 2393 168 2433 ex
189 2373 237 2432 his
259 2375 281 2432 ii
303 2373 363 2434 duo
384 2375 437 2450 qui
459 2373 592 2434 Traiano
614 2383 644 2434 et
664 2373 822 2432 Hadriano
844 2373 1075 2452 imperatoribus
1097 2375 1229 2450 luerunt,
1259 2377 1406 2438 Maximus
1429 2387 1460 2437 et

127 2475 308 2536 Pactumeius
338 2476 480 2548 Clemens,
513 2495 550 2535 eo
582 2494 705 2536 munere
736 2484 806 2536 ante
838 2476 1027 2536 consulatum
1056 2473 1189 2555 sanctii)
1216 2486 1297 2538 sunt.
1346 2478 1461 2540 Contra

127 2586 270 2654 quattuor
300 2578 346 2638 illi
378 2578 560 2638 recentiores
592 2578 645 2655 qui
673 2577 733 2636 iam
766 2579 944 2638 correctoris
976 2579 1096 2637 nomine
1122 2586 1247 2640 utuntur
1272 2600 1460 2660 quorumque

125 2698 216 2739 nemo
238 2678 404 2740 Commodo
427 2680 578 2756 antiquior
599 2690 646 2739 est
667 2678 827 2756 (Egnatius
842 2679 997 2753 Proculus,
1014 2678 1053 2740 L.
1069 2681 1212 2758 Εφιαείιιε
1234 2683 1332 2742 Victor
1346 2683 1460 2742 Lollia-

125 2801 196 2854 nus,
227 2781 271 2842 li.
295 2782 436 2842 Claudius
464 2781 668 2860 Callippianus
689 2783 827 2853 Italicus,
859 2782 909 2844 Ca.
941 2781 1081 2843 Claudius
1107 2782 1276 2862 Leonticcc)
1304 2785 1342 2844 ad
1369 2805 1460 2845 unum

126 2902 233 2944 omnes
254 2885 287 2943 in
306 2883 403 2942 titulis
419 2877 554 2942 ὑπατικοί
565 2892 717 2943 vocantur.
755 2882 858 2958 Quare
871 2885 945 2961 quin
966 2903 1003 2944 ea
1021 2903 1070 2945 res
1085 2886 1306 2946 Antoninorum
1328 2895 1461 2966 tempore

127 2984 267 3046 inuntata
294 2986 348 3059 sit,
375 2986 498 3046 dubium
524 3003 586 3045 non
611 2994 668 3046 est
716 2985 783 3044 Imo
812 2985 903 3045 etiam
934 3004 987 3045 cur
1011 2986 1097 3045 initio
1118 2989 1262 3064 praetorii
1288 2989 1371 3048 missi
1392 2991 1462 3060 sint,

126 3087 275 3165 explicari
295 3105 387 3164 posse
413 3087 487 3147 mihi
513 3087 639 3147 ridetur.
684 3086 761 3148 Cum
783 3087 864 3146 enim
885 3104 934 3146 res
959 3086 1026 3164 ipsa
1047 3088 1136 3165 plane
1157 3108 1237 3147 nova
1257 3096 1349 3167 atque
1369 3091 1461 3150 inusi-

127 3199 192 3250 tata
212 3197 306 3264 esset,
334 3191 364 3249 in
385 3191 542 3268 provincia
567 3189 720 3249 senatoria
740 3197 858 3266 praeter
878 3189 1091 3266 proconsulem
1112 3189 1303 3266 imperatoris
1324 3193 1460 3268 legatum

127 3293 234 3354 eadem
255 3305 346 3370 atque
371 3292 456 3351 illum
483 3298 632 3368 potestate
657 3289 773 3368 esse2),
797 3292 995 3368 imperatores
1016 3289 1048 3348 id
1068 3295 1149 3350 certe
1171 3291 1290 3350 cavisse
1312 3293 1458 3367 videntur,

126 3413 166 3454 ne
179 3394 354 3472 dignitatem
368 3404 491 3454 senatus
506 3393 596 3453 nimis
610 3393 818 3466 inminuerent,
834 3392 860 3452 si
874 3392 1025 3451 hominem
1040 3392 1229 3451 consularem
1245 3411 1281 3452 eo
1296 3395 1457 3467 mitterent,

125 3515 195 3558 cum
216 3497 383 3576 proconsul
396 3495 530 3554 Achaiae
551 3513 611 3554 non
633 3503 714 3555 esset
734 3495 791 3554 nisi
813 3493 990 3571 praetorius.
1022 3493 1136 3553 Postea
1149 3502 1257 3567 autem,
1278 3513 1369 3571 quum
1383 3495 1460 3554 illud

125 3615 237 3659 munus
259 3598 400 3657 desiisset
420 3615 531 3658 novum
552 3605 642 3674 atque
662 3597 813 3656 insuetum
835 3613 917 3668 esse,
943 3595 1140 3673 imperatores
1161 3597 1227 3657 eius
1248 3597 1292 3656 rei
1312 3598 1459 3657 rationem

126 3720 187 3761 non
209 3699 341 3778 amplius
362 3699 530 3758 habendam
550 3699 706 3776 putabant.
750 3696 811 3759 Sed
833 3705 992 3774 utcumque
1012 3698 1070 3757 hoc
1091 3716 1124 3758 se
1144 3698 1243 3772 habet,
1273 3718 1311 3758 ex
1333 3699 1460 3759 Maximi

125 3811 158 3864 et
170 3803 328 3864 Pactumei
342 3800 508 3862 Clementis
530 3799 677 3878 exemplis
699 3800 763 3859 iure
777 3799 919 3877 colligere
937 3799 1018 3873 licet,
1038 3801 1129 3859 etiam
1143 3800 1270 3860 Iuncarn
1284 3805 1459 3877 praetorium

125 3905 158 3966 in
181 3905 329 3964 Achaiam
349 3905 475 3963 missum
497 3902 616 3980 esse⁸),
643 3902 685 3961 ita
708 3910 742 3962 ut
762 3921 822 3962 non
842 3910 914 3978 post
934 3920 1043 3961 annum
1068 3901 1126 3962 126
1147 3922 1177 3980 p.
1200 3901 1287 3977 cua,
1316 3903 1367 3980 qui
1389 3921 1457 3962 con·

125 4006 259 4066 sulatum
280 4007 458 4080 antecessit,
485 4005 590 4064 titulus
612 4013 738 4081 uterque
758 4011 789 4064 et
808 4004 928 4065 Atticus
950 4013 979 4063 ct
1000 4002 1167 4082 Spartanus
1188 4005 1371 4083 compositus
1392 4023 1457 4066 esse

123 4109 234 4187 possit.
268 4105 358 4183 Quod
379 4106 457 4167 haud
479 4107 564 4186 parvi
578 4107 722 4166 momenti
742 4115 790 4166 est
810 4115 933 4183 propter
946 4106 1151 4183 quaestionem
1174 4106 1211 4165 de
1233 4113 1341 4165 senatu
1354 4107 1457 4166 Attico

124 4212 357 4290 quingentorum
378 4217 409 4269 et
429 4217 655 4270 sexcentorum
1152 4201 1158 4212 '

203 4498 227 4562 ¹)
249 4493 388 4548 naamam
411 4497 570 4562 praetorium
596 4495 677 4546 fuisse
704 4508 761 4544 cum
788 4494 816 4544 in
839 4491 978 4546 Graeciam
1003 4493 1147 4544 mitteretur
1170 4491 1349 4542 demonstrant
1374 4491 1455 4544 Plinii

124 4591 206 4643 verbs
229 4591 256 4654 8,
283 4591 327 4652 tt,
348 4591 378 4640 ⁷:
410 4595 499 4639 creat
521 4595 544 4639 ts
567 4594 717 4655 quassares
735 4593 793 4636 arae
804 4585 881 4651 sema
899 4601 973 4652 mam
996 4601 1028 4636 cs
1045 4581 1303 4650 Bithyniaaptr'mcm
1326 4585 1453 4648 revexisti,

124 4689 215 4736 sacrm
226 4679 374 4742 munaus
392 4687 517 4748 prostrare
529 4686 603 4748 atque
616 4677 679 4730 daec
696 4679 755 4746 ipsa
768 4677 861 4745 topatio
874 4679 949 4745 quasi
964 4677 1102 4745 praemium
1120 4674 1190 4726 data.
1220 4673 1383 4727 Pactumeius
1398 4671 1453 4727 cu-

123 4792 199 4838 rsem,
224 4775 246 4825 si
266 4773 386 4824 ordinem
404 4788 539 4823 munerum
557 4773 586 4822 in
605 4773 680 4822 titrdo
698 4771 868 4837 perscriptum
886 4771 1025 4834 sequimur,
1049 4769 1120 4819 adeo
1141 4765 1291 4818 tribunicius
1309 4782 1341 4818 eo
1360 4769 1454 4822 missus

125 4877 172 4920 est.
208 4866 281 4919 Num
300 4864 373 4916 aliud
397 4871 481 4916 exstet
502 4855 652 4930 exemplum
667 4864 747 4929 legati
764 4862 876 4928 Augusti
894 4875 942 4929 pro
961 4867 1081 4928 praetore
1098 4861 1213 4912 nondam
1232 4867 1354 4926 praetura
1371 4861 1454 4912 iuncti

124 4973 227 5112 &⁰¹:³5
250 5048 310 5102 Nisi
329 5048 401 5116 qnod
419 5048 494 5098 huius
507 5053 621 5114 potestas
640 5047 675 5099 sd
692 5045 788 5098 liberas
804 5046 929 5108 civitates,
948 5045 1018 5097 illius
1034 5045 1069 5097 ad
1087 5046 1213 5112 reliquam
1226 5045 1375 5112 provinciae
1393 5055 1453 5110 par·

124 5152 178 5197 tem
196 5141 350 5210 pertinebat.

202 5233 228 5299 ⁸)
253 5234 405 5301 praesertim
423 5247 483 5286 cum
500 5233 576 5286 aliter
593 5219 709 5283 atrab
726 5231 755 5284 in
773 5231 848 5284 titulo
866 5231 956 5285 Attico
975 5231 1019 5283 rix
1038 5231 1207 5284 omitterem.
