3610 5956
328 597 375 670 22
855 610 1129 661 emorrannum
1564 611 1660 663 er-ee

327 787 368 848 61
389 789 419 846 in
442 789 511 865 ipsa
531 787 629 863 pinea.
671 784 835 843 Praeneste
856 784 887 842 in
909 783 1002 844 fundo
1024 782 1124 841 Hanu.
1147 780 1336 840 Bernardini.
1372 781 1484 840 Adhuc
1504 780 1627 840 ibidem.

830 938 855 978 nr
870 949 877 964 ·
894 935 1033 978 sevuarvs
1048 947 1055 962 ·
1073 936 1098 976 nr
1114 932 1153 975 ·ιἶ

327 1058 505 1117 Bonannius
527 1057 610 1115 Butt.
636 1056 715 1115 1870
738 1054 856 1132 ploti.

328 1266 374 1325 62
401 1267 432 1325 in
456 1265 524 1323 basi
545 1273 710 1341 protomae.
753 1262 918 1322 Praeneste
942 1263 973 1320 in
1000 1262 1182 1320 monasterio
1208 1267 1326 1338 patrum
1355 1259 1571 1319 triniteriornm
1596 1259 1659 1319 dis·

368 1367 576 1425 calceatorum.
872 1416 986 1458 mum
1001 1429 1007 1443 ¹
1023 1414 1062 1456 m
1076 1429 1083 1443 ‚
1099 1414 1116 1455 F

326 1539 489 1598 Henzenus
512 1537 550 1596 ed
572 1545 712 1613 ectypum
733 1537 857 1596 missum
879 1553 898 1593 a
920 1534 959 1593 D.
982 1534 1140 1594 Bonaunio
1161 1533 1244 1593 Ball.
1270 1533 1348 1593 1869
1371 1552 1403 1611 p.
1422 1532 1490 1592 166.

327 1744 397 1805 66“
419 1745 584 1804 Praeneste
604 1762 677 1820 rep„
699 1762 778 1802 nuuc
798 1743 912 1801 Romae
934 1740 1013 1818 apud
1036 1741 1257 1802 Fortunatium.

814 1895 942 1936 arricta·
961 1895 997 1936 b·
1014 1894 1051 1936 F·
1070 1891 1177 1942 bONGA

327 2015 499 2093 Descripsit
518 2015 555 2074 F.
576 2015 657 2074 Meta
678 2014 759 2073 Ball.
785 2013 865 2074 1870
888 2033 917 2091 p.
937 2014 1005 2072 105.

369 2133 481 2176 ererum
503 2116 594 2176 Matr.

328 2271 482 2282 ...—

327 2342 375 2402 64
401 2343 433 2400 in
457 2344 591 2420 margine
612 2342 766 2418 superiore
786 2341 869 2400 basis
890 2339 1036 2399 rotundae
1057 2340 1173 2417 pineae.
1217 2339 1383 2398 Praeneste
1403 2340 1435 2398 in
1456 2341 1546 2399 vinea
1567 2341 1656 2402 Dom.

370 2440 509 2502 Ceceoni.
552 2443 661 2502 Adhuc
682 2442 802 2501 ibidem.

858 2566 955 2608 usura
969 2580 976 2594 ·
992 2549 1146 2638 resarcias

328 2685 477 2762 Detypum
493 2686 576 2744 misit
589 2684 753 2744 Henzenus
768 2691 923 2763 acceptum
938 2703 957 2742 a
972 2684 1011 2743 D.
1023 2685 1182 2744 Bonannio
1197 2683 1347 2762 ediditque
1360 2685 1442 2746 Ball.
1456 2683 1536 2746 1866
1551 2704 1580 2762 p.
1592 2686 1657 2745 135.

371 2786 471 2843 Maria
493 2804 673 2861 praenomen
695 2787 789 2846 habes
811 2787 928 2859 1,149;
952 2786 1110 2846 Fabricios
1132 2786 1297 2846 Praeneste
1318 2787 1345 2859 1,
1363 2785 1536 2846 roe-108.

331 2988 375 3051 65
404 2992 436 3049 in
462 2992 527 3051 basi
552 2992 681 3052 rotunda
707 2994 822 3070 pineae.
867 2993 1030 3054 Praeneste
1056 2995 1087 3052 iu
1113 2993 1206 3052 fundo
1234 2994 1314 3054 dicto
1342 2993 1372 3053 la
1396 2991 1572 3054 Colombelirr
1598 3015 1659 3072 rep.

372 3112 411 3151 m.
435 3091 516 3169 Sept.
539 3112 565 3152 a.
585 3093 674 3153 1868.
717 3092 817 3152 Hodie
839 3097 870 3153 ai
887 3098 979 3169 proti.

836 3245 870 3288 L·
887 3245 1044 3288 serberiam
1061 3258 1068 3273 ·
1083 3245 1099 3287 1.
1113 3244 1151 3286 ·F

329 3365 493 3426 Hennenns
514 3367 553 3426 ad
574 3375 712 3443 eetypum
733 3367 860 3426 missum
882 3383 901 3424 a
920 3365 961 3424 D.
984 3366 1143 3425 Bonannio
1164 3365 1247 3424 Ball.
1274 3366 1352 3427 1869
1374 3387 1405 3445 p.
1423 3367 1491 3428 165.

332 3572 378 3632 66
401 3575 431 3631 in
453 3574 520 3648 ipsa
540 3575 637 3650 pinea.
681 3574 846 3633 Praeneste
868 3573 949 3649 apud
971 3573 1169 3633 Bonannium.

861 3724 1136 3768 c·rtuv10·e·s

331 3807 503 3885 Descripsit
523 3808 778 3887 Trendelenburg.

333 4015 403 4074 et·
423 4016 455 4074 in
475 4017 567 4092 pinea
586 4037 650 4094 rep.
672 4017 837 4078 Praeneste
857 4029 878 4076 'a
899 4016 1071 4078 Galeassio.

873 4151 913 4196 r·
929 4152 1012 4197 seuve
1028 4167 1035 4182 ·
1051 4153 1068 4194 r
1084 4165 1090 4180 ·
1107 4151 1123 4195 s

332 4251 494 4315 Henzenus
516 4256 598 4316 Ball.
624 4255 703 4315 1864
725 4277 754 4334 p.
771 4255 811 4315 22
833 4277 853 4316 a
873 4255 1038 4316 Oioerohia.

334 4459 381 4520 68
406 4463 438 4520 in
462 4464 598 4541 margine
624 4464 780 4543 superiore
801 4465 885 4524 basia
906 4464 1051 4523 rotundae
1072 4463 1188 4539 pineae.
1231 4464 1396 4528 Praeneste
1416 4467 1448 4526 in
1469 4467 1563 4528 fundo
1584 4468 1662 4529 dicto

376 4564 408 4621 le
430 4563 603 4624 Colombelio
623 4585 686 4642 rep.
708 4585 746 4624 m.
771 4562 854 4643 Sept.
877 4583 903 4624 a
922 4565 1012 4625 1868.
1055 4563 1155 4623 Hodie
1176 4569 1208 4623 oi
1224 4570 1316 4643 proti.

923 4702 948 4743 m
962 4715 970 4729 ·
986 4700 1078 4744 sovm

334 4798 497 4860 Henzenus
519 4801 556 4860 ad
578 4810 717 4882 ectypnm
739 4805 863 4864 missum
886 4825 904 4863 a
925 4802 965 4864 D.
986 4803 1146 4863 Bonannio
1168 4802 1250 4864 Ball.
1277 4804 1355 4866 1869
1377 4826 1408 4885 p.
1426 4805 1494 4866 165.

335 5006 382 5066 68
403 5009 435 5068 in
457 5010 590 5086 margine
611 5012 764 5088 superiore
781 5013 864 5072 basis
879 5013 1022 5073 rotundae
1036 5013 1153 5091 pineae.
1189 5013 1353 5074 Praeneste
1367 5014 1447 5094 apud
1461 5013 1661 5077 Benarnium.

918 5149 991 5193 cara
1005 5162 1012 5180 ·
1028 5147 1079 5191 nur

334 5227 506 5308 Descripsit
526 5231 780 5312 Trendelenburg.
