3582 5956
551 595 720 650 rvvrvnrus
738 597 978 652 consvnnrns.
1358 585 1428 658 191

72 793 74 799 “
111 768 245 829 Tacitum
275 768 451 829 referentem
482 769 519 830 de
547 767 667 830 Galbae
699 772 906 832 consulatuum
937 773 1125 834 ordinatione
1153 775 1191 836 ab
1220 773 1340 836 Othone
1371 797 1432 839 non

110 879 219 930 mutata
249 871 372 932 nomina
398 872 539 950 posuisse
565 889 626 932 non
653 873 784 932 omnium
812 875 970 935 consulum
999 894 1019 933 a
1047 874 1148 937 Galba
1173 885 1226 938 ant
1252 887 1432 941 retentorum

111 979 160 1030 ant
185 981 365 1046 amatorum,
393 974 448 1034 sed
475 992 512 1034 aa
537 981 651 1034 tantum
678 974 834 1034 consulum
862 978 950 1054 paria
975 979 1162 1054 enuntiasse,
1188 961 1267 1059 quae
1296 1000 1366 1042 vere
1393 981 1432 1041 ad

110 1073 247 1133 bonorem
274 1084 381 1152 postea
405 1077 629 1152 pervenissent,
656 1075 774 1154 reliqua
801 1078 858 1138 sub
885 1087 1049 1140 ceterorum
1071 1082 1217 1141 vocabulo
1244 1083 1432 1160 significasse

110 1184 285 1235 contentum.
329 1176 437 1254 Itaque
459 1175 559 1238 Galba
584 1193 695 1238 annum
715 1180 760 1239 ita
779 1178 946 1255 distribuit,
975 1192 1007 1243 ut
1027 1191 1097 1261 post
1117 1184 1431 1262 primum-nundinum

109 1276 323 1354 quadrimestre
344 1285 538 1355 sequerentur
558 1279 715 1341 bimestris
735 1289 887 1358 quattuor,
908 1283 1047 1362 deditque
1061 1285 1173 1346 ldaium
1195 1293 1225 1346 et
1243 1285 1360 1346 lunium
1376 1285 1431 1346 Sa-

109 1377 193 1451 binis,
213 1378 324 1440 Iulium
346 1390 377 1440 et
396 1383 579 1460 Augustum·
593 1383 745 1444 Antonino
767 1392 797 1443 et
819 1381 920 1457 Celso,
942 1384 1157 1464 Septembrem,
1181 1385 1352 1462 Octobrem,
1367 1385 1432 1447 No·

109 1479 263 1553 vembrem,
285 1480 481 1542 Decembrem
504 1482 606 1544 divisit
625 1486 703 1544 inter
723 1486 874 1546 Marinum
895 1488 1031 1548 Macrum
1053 1486 1177 1549 (lostam
1200 1490 1341 1550 Atticum.

183 1578 256 1642 ‘Iam
282 1583 437 1644 videamus
463 1584 500 1644 de
516 1584 651 1646 Vitellio.
696 1585 873 1648 Secundum
894 1607 931 1648 ea
955 1608 1032 1666 quae
1058 1591 1191 1651 diximus
1218 1600 1338 1652 constat
1362 1609 1431 1650 eum

108 1682 265 1745 retinuisse
291 1705 331 1745 ex
356 1685 514 1747 destinatis
540 1706 561 1745 a
581 1685 681 1748 Galba
703 1686 832 1750 Sabinos
853 1691 943 1764 duos,
965 1692 1166 1766 Antoninum,
1189 1691 1330 1764 Oelsum,
1352 1691 1432 1750 Atti·

107 1801 182 1858 cum,
207 1786 323 1846 honore
349 1788 499 1867 depulisse
524 1788 689 1861 Mariunm,
717 1791 867 1865 Macrum,
889 1791 1023 1853 Castam.
1067 1794 1136 1871 lpse
1164 1794 1335 1872 designavit
1360 1811 1432 1853 eon·

108 1885 183 1946 sales
204 1899 349 1965 quattuor
364 1889 532 1965 Valentem,
554 1890 725 1966 aneinam,
748 1891 932 1971 Simplicem,
954 1894 1113 1973 Regulum.
1156 1895 1197 1954 Et
1221 1895 1259 1955 de
1280 1895 1343 1955 illis
1365 1894 1432 1972 qui·

107 1987 168 2047 dem
196 1990 243 2049 sic
270 1991 314 2050 ait
339 1990 463 2052 Tacitus
489 1992 522 2066 l,
546 1993 598 2052 il:
630 2003 662 2054 ut
685 1993 800 2054 Valenti
824 2003 852 2054 et
880 1993 1020 2056 Carduae
1046 2015 1153 2057 sauma
1181 1997 1296 2056 bonomo
1323 2013 1431 2055 meuses

105 2093 236 2165 aperiret,
257 2097 379 2152 murrata·
398 2094 523 2153 oliorum
543 2096 723 2155 mmuiutus:
751 2097 948 2157 dissimulatus
969 2097 1069 2156 Murci
1089 2098 1191 2157 Macri
1328 2107 1354 2155 et
1372 2095 1430 2156 Ve-

106 2189 200 2250 terium
212 2193 364 2253 Marinum
386 2197 556 2256 destinabam
576 2217 596 2257 a
613 2196 710 2258 Galba
731 2199 842 2258 debelii
953 2199 1098 2258 Pedanius
1113 2199 1200 2258 Costa
1221 2202 1359 2258 omittitur

105 2293 150 2351 Ad
171 2291 346 2372 Simplicem
373 2299 453 2374 quod
478 2299 599 2372 attinet,
625 2300 669 2358 sic
696 2298 774 2359 idem
797 2297 846 2375 (2,
862 2300 930 2377 60)=
959 2301 1058 2359 Mario
1083 2299 1162 2360 Celso
1184 2297 1348 2358 cumulatus
1370 2315 1431 2356 aer·

105 2403 190 2466 autur,
219 2397 274 2456 aed
298 2399 434 2458 creditum
452 2402 539 2477 sarta
560 2401 750 2477 obiectumque
770 2419 835 2461 moa
856 2405 886 2459 iu
907 2411 1008 2461 sumtu
1029 2401 1153 2460 Caecilio
1176 2397 1325 2476 Simplici,
1353 2396 1432 2475 quod
1452 2465 1471 2504 Ι

105 2513 160 2554 eum
185 2497 320 2558 bonorem
342 2503 468 2576 pecunia
492 2507 615 2562 mutari
639 2519 690 2561 uec
712 2506 773 2561 siae
794 2507 878 2562 saido
903 2503 979 2564 Celsi
998 2503 1149 2561 uoluisset:
1176 2504 1279 2560 restitit
1300 2499 1430 2560 lbtellius

104 2597 232 2676 deditque
248 2611 353 2676 posteo
373 2603 550 2664 emmaum
563 2603 697 2681 Simplici
717 2607 862 2663 inaurium
883 2615 910 2662 et
929 2608 1088 2679 inemptum.
1124 2601 1264 2678 Denique
1283 2601 1320 2660 de
1334 2599 1430 2659 Rusio

104 2698 216 2777 Regulo
239 2701 271 2762 in
293 2703 393 2762 locum
415 2702 564 2765 Caecinae
585 2706 709 2766 consule
730 2683 818 2765 unius
839 2705 898 2764 diei
920 2704 997 2764 idem
1020 2705 1113 2763 refert
1134 2705 1163 2777 3,
1179 2704 1228 2764 37.
1246 2737 1282 2746 -
1313 2699 1431 2775 Quibus

103 2799 202 2862 diebus
230 2803 371 2864 consules
384 2804 539 2866 Vitelliani
563 2806 698 2879 inierint,
725 2815 862 2883 superest
886 2814 921 2864 ut
947 2822 1144 2883 exponemus.
1188 2803 1310 2865 Sabinis
1338 2820 1431 2880 supra

104 2901 225 2964 vidimus
248 2923 268 2963 a
283 2903 383 2966 Galba
403 2905 570 2968 destinatos
590 2909 686 2968 fuisse
707 2925 824 2967 menses
839 2907 952 2966 Maium
974 2915 1005 2966 et
1025 2907 1155 2979 Iunium,
1176 2905 1230 2966 sed
1242 2905 1355 2966 iniisse
1376 2921 1429 2963 eos

103 3017 166 3065 aute
186 3016 308 3084 tempus
330 3024 432 3067 mense
446 3009 546 3089 Aprili
568 3009 666 3070 medio
686 3018 871 3078 extremove3
892 3027 964 3067 num
987 3017 1057 3067 ante
1078 3008 1157 3068 diem
1177 3026 1197 3065 a
1212 3005 1312 3068 Galba
1333 3005 1430 3065 deter-

103 3106 241 3168 minatum
264 3109 379 3170 honore
400 3111 528 3171 abierint
547 3129 650 3183 neone,
671 3115 732 3169 riou
747 3109 883 3168 traditur.
922 3107 1155 3186 successoribus
1171 3105 1352 3168 Sabinorum
1366 3108 1430 3165 An·

104 3208 201 3269 tonino
223 3219 255 3270 et
277 3207 367 3272 Oelso
388 3211 531 3274 honorem
553 3211 720 3274 servavisse
735 3204 1047 3282 Vitellium'constat,
1069 3226 1189 3269 menses
1209 3209 1317 3268 iisdem
1338 3207 1427 3268 desti·

103 3319 185 3371 natos
210 3329 275 3372 non
295 3313 475 3375 servavisse.
518 3313 599 3372 Nam
621 3311 781 3373 Caecinam
802 3318 832 3370 et
853 3309 1012 3371 Valentem
1033 3308 1077 3370 ita
1096 3311 1127 3370 in
1150 3309 1284 3370 ordinem
1305 3310 1429 3386 recepit,

102 3419 259 3472 uteorum
286 3431 378 3474 cansa
403 3413 531 3476 aliorum
559 3413 733 3474 consulatus
756 3419 914 3484 coartaret,
943 3413 1020 3473 alios
1042 3392 1155 3472 bonore
1177 3413 1318 3489 privaret.
1361 3411 1427 3470 Iam

100 3533 163 3574 eum
189 3524 309 3576 constet
333 3516 523 3576 consulatum
550 3516 588 3576 iis
615 3515 717 3574 datum
743 3533 810 3574 esse
836 3514 866 3574 in
893 3515 924 3573 k.
951 3512 1140 3575 Novembres
1167 3514 1251 3591 (nam
1278 3511 1428 3573 Caecinae

100 3635 162 3676 cum
189 3617 288 3676 honor
317 3617 533 3694 abrogabatur,
565 3635 642 3678 unus
670 3617 735 3676 dies
764 3617 828 3677 eiua'
856 3615 1004 3694 superfuit
1032 3616 1108 3695 prid.
1138 3617 1168 3676 k.
1196 3613 1274 3675 Nor.
1305 3621 1427 3674 auctore

101 3716 202 3778 Tacito
224 3720 255 3791 3,
272 3718 343 3794 37),
373 3725 498 3797 apparat
519 3727 552 3778 nt
570 3719 656 3778 locus
677 3719 715 3778 iis
735 3719 821 3779 fleret
841 3719 985 3796 expulsos
1007 3736 1076 3778 esse
1097 3717 1207 3795 quibus
1231 3715 1332 3778 Galba
1353 3714 1426 3793 Sep-

100 3821 237 3880 tembrem
260 3827 292 3879 et
313 3817 473 3880 Octobrem
495 3820 673 3893 destinarat,
698 3829 772 3899 puta
791 3821 941 3882 Marinum
964 3828 993 3881 et
1014 3821 1163 3893 Macrum
1188 3821 1210 3880 ii
1232 3828 1332 3879 autem
1354 3836 1428 3896 quc·

99 3941 158 3980 rum
185 3922 285 3981 honor
312 3923 402 3981 sirnul
430 3923 635 3995 coartabatur,
668 3940 736 3982 csse
767 3941 827 3981 non
859 3931 1020 4001 potuerunt
1048 3923 1107 3983 nisi
1132 3922 1184 3999 qui
1210 3920 1428 4000 praecedebant

99 4022 267 4083 Antoninus
288 4033 318 4082 et
332 4021 449 4084 Oelsus.
484 4021 593 4101 Neque
613 4025 802 4084 coartabatur
823 4025 887 4084 sine
908 4025 1011 4102 aliqua
1032 4025 1097 4084 sive
1118 4029 1211 4084 eausa
1232 4021 1426 4100 sivespecie3

99 4145 161 4184 narn
183 4144 253 4184 cum
267 4121 371 4186 Sabini
392 4135 463 4186 ante
484 4133 601 4204 tempus
615 4127 830 4205 magistratum
851 4127 1046 4204 accepissent,
1067 4144 1127 4185 non
1148 4126 1251 4202 inique
1265 4131 1426 4202 potuerunt

97 4226 187 4286 iuberi
209 4235 281 4288 ante
302 4235 419 4306 tempus
433 4245 502 4288 eum
516 4229 647 4288 eiurare:
669 4228 808 4305 idemque
823 4227 962 4286 similiter
975 4227 1056 4286 cadit
1069 4227 1100 4285 in
1116 4242 1306 4286 successores
1320 4223 1424 4302 proxi·

97 4347 166 4389 mos.
216 4327 319 4404 Quare
345 4329 396 4389 ubi
422 4330 561 4408 ponimus
588 4329 719 4392 Sabinos
743 4329 841 4388 tasees
867 4329 999 4405 gessisse
1024 4347 1043 4386 a
1069 4343 1172 4386 mense
1199 4325 1298 4405 Aprili
1323 4322 1423 4384 medio

96 4441 164 4506 puta
190 4431 228 4490 ad
251 4431 398 4491 kalendas
420 4433 527 4492 idusve
548 4433 661 4504 lunias,
683 4430 870 4491 Antoninum
890 4437 922 4489 et
943 4428 1065 4490 Oelsnrn
1086 4447 1107 4487 a
1126 4427 1265 4488 kalendis
1287 4425 1423 4486 idibusve

97 4536 186 4596 inuiis
215 4537 253 4596 ad
283 4535 430 4596 kalendas
456 4534 562 4593 idusve
584 4536 750 4613 Augustas,
778 4533 987 4609 aperiebantur
1008 4531 1129 4593 Valenti
1150 4537 1180 4590 et
1202 4527 1349 4591 Caecinae
1370 4535 1423 4587 aut

95 4637 151 4698 duo
172 4657 294 4700 menses
315 4657 383 4698 eum
405 4637 529 4696 dimidio
551 4647 605 4697 aut
625 4653 744 4696 menses
765 4635 873 4714 integri
895 4643 965 4707 tres,
988 4643 1019 4694 et
1039 4633 1084 4694 sic
1103 4639 1184 4692 recte
1206 4631 1307 4696 omnia
1325 4629 1422 4710 expli·

94 4749 205 4800 cantur.
244 4740 322 4800 Nam
345 4758 398 4816 per
420 4756 538 4800 menses
553 4737 753 4798 Nouembrem
775 4747 806 4797 et
820 4737 1017 4797 Decembrem
1038 4742 1157 4795 consus
1177 4735 1275 4793 luces
1290 4732 1422 4810 gessisse

94 4843 225 4902 Atticum
252 4863 271 4902 a
292 4841 392 4902 Galba
412 4841 520 4919 opinor
540 4842 720 4903 destinatum
742 4849 773 4900 et
794 4838 965 4917 Simplioem
986 4837 1018 4898 in
1039 4839 1136 4897 locum
1159 4836 1288 4896 sonasse
1310 4833 1421 4895 &stae

93 4963 110 5001 a
124 4943 251 5004 Vitellio
271 4939 484 5006 substitutuni.

173 5045 331 5106 Hactenus
355 5046 569 5108 Mommseuus.
617 5044 800 5106 &namatus
826 5045 919 5122 igitur
944 5042 1014 5103 anni
1035 5041 1090 5114 69,
1117 5042 1144 5102 si
1171 5041 1300 5102 vixisset
1324 5039 1419 5110 Nero,

93 5159 253 5210 semestres
273 5150 413 5210 videntur
436 5148 530 5208 saturi
553 5147 656 5208 fuisse.
702 5145 802 5208 Galba
822 5147 930 5226 partim
943 5143 1187 5223 quadrimestres
1208 5143 1288 5212 lecit,
1309 5141 1417 5219 partim

92 5251 260 5325 bimestres,
282 5271 337 5313 nec
359 5252 486 5312 mutavit
505 5251 666 5329 quicquam
688 5249 779 5324 Otho,
802 5250 860 5311 nisi
881 5250 965 5328 quod
984 5251 1014 5312 in
1037 5252 1112 5311 duas
1132 5257 1233 5326 partes
1255 5243 1417 5305 nundinum
