3610 5956
294 566 318 634 4
716 582 922 634 unaauaurs
948 581 1206 634 arroaarfflca.

316 684 489 691 ..-Ψ-...-

382 751 495 817 Habet
525 759 635 816 autem
662 759 700 815 ut
727 773 811 836 opus
835 751 882 815 ita
906 750 1110 816 continuatio
1134 774 1226 816 suam
1251 751 1489 817 difficultatem.
1535 752 1622 818 Nam

294 865 525 952 supplementa
555 888 629 931 eum
659 875 696 930 ut
724 865 833 950 ipsum
859 863 989 951 Corpus
1019 865 1200 932 secundum
1222 867 1375 955 regiones
1399 867 1623 933 distribuenda

294 982 377 1064 siut,
409 981 584 1067 quotannis
612 980 833 1067 particulatim
863 979 915 1045 edi
938 1004 1005 1045 non
1028 989 1169 1066 possunt
1178 1008 1186 1062 3
1216 1004 1322 1066 neque
1347 982 1549 1048 onerandum
1573 993 1623 1049 est

295 1093 426 1181 Corpus
460 1096 488 1161 Ι.
524 1095 566 1162 L.
609 1094 906 1160 additamentorum
940 1095 1106 1161 fasciculis
1140 1105 1278 1181 propter
1310 1097 1419 1182 ipsum
1453 1120 1623 1164 numerum

292 1211 461 1294 molestis,
496 1233 603 1296 neque
639 1210 926 1294 committendum,
961 1219 998 1275 ut
1032 1209 1075 1276 ad
1108 1209 1214 1295 prima
1248 1231 1396 1296 quaeque
1431 1212 1623 1300 apographa

292 1326 486 1412 plerumque
515 1326 748 1413 inscriptiones
778 1326 812 1390 in
842 1348 881 1390 eo
905 1324 1046 1390 edantur
1068 1347 1167 1410 saepe
1190 1323 1449 1391 mendosissime.
1495 1327 1622 1394 Rursus

292 1449 401 1506 autem
432 1463 634 1528 magnopere
663 1440 843 1526 optandum
873 1448 941 1523 est,
971 1449 1009 1505 ut
1038 1441 1066 1505 si
1094 1463 1160 1504 non
1193 1441 1302 1505 omnia
1325 1449 1414 1506 certe
1437 1442 1567 1526 potiora
1591 1451 1623 1506 et

293 1557 446 1644 graviora
469 1578 543 1621 cum
566 1554 683 1621 harum
707 1578 815 1620 rerum
840 1555 996 1620 studiosis
1021 1555 1172 1621 omnibus
1197 1577 1294 1640 quam
1318 1555 1458 1640 primum
1479 1577 1622 1622 commu-

292 1673 453 1736 nicentur.
501 1670 595 1735 Haec
624 1669 754 1735 diversa
783 1679 816 1734 et
844 1668 1086 1754 quodammodo
1117 1670 1280 1735 contraria
1305 1679 1343 1734 ut
1371 1678 1530 1756 quantum
1552 1671 1622 1736 fieri

292 1794 405 1872 potest
434 1785 704 1866 conciliarentur,
735 1783 916 1850 Academia
943 1807 1027 1869 quae
1056 1808 1143 1849 nora
1166 1784 1235 1849 sive
1259 1785 1293 1849 in
1316 1784 1408 1851 libris
1434 1785 1530 1852 editis
1554 1786 1622 1850 sive

293 1901 443 1987 epistulis
472 1901 616 1965 virorum
646 1899 819 1965 doctorum
849 1897 1026 1964 afferantur
1054 1899 1163 1964 statim
1191 1899 1369 1964 examinari
1400 1900 1496 1966 iussit
1527 1910 1560 1965 et
1588 1901 1621 1964 in

293 2016 497 2081 collectanea
521 2016 645 2098 referri,
669 2014 844 2080 editionem
867 2037 945 2079 vero
971 2014 1272 2100 supplementorum
1295 2037 1362 2078 non
1384 2014 1456 2079 fieri
1478 2014 1541 2080 nisi
1564 2038 1623 2102 per

292 2130 466 2195 intervalla
495 2131 620 2196 maiora
652 2137 684 2194 et
716 2128 927 2215 postmodum
959 2128 1089 2193 demum
1117 2137 1217 2213 prout
1251 2151 1289 2193 ea
1318 2129 1539 2194 succreverint
1567 2129 1623 2194 de·

291 2242 454 2329 finienda,
482 2245 612 2310 interim
636 2267 715 2310 vero
740 2266 796 2326 ea,
825 2244 944 2329 quibus
967 2242 1150 2308 litterarum
1175 2243 1369 2308 Latinarum
1394 2243 1534 2310 studiosi
1557 2267 1623 2310 non

292 2361 363 2426 sine
386 2359 595 2425 incommodo
620 2357 744 2425 diutius
769 2368 921 2441 careant,
951 2359 1063 2424 statim
1090 2356 1142 2423 edi
1167 2357 1377 2443 ephemeride
1400 2357 1442 2424 ad
1464 2358 1500 2424 id
1522 2383 1623 2424 unum

293 2473 468 2539 destinata.
514 2474 598 2539 Eius
628 2473 754 2562 negotii
785 2483 818 2538 et
847 2475 988 2538 maxime
1021 2471 1238 2559 ephemeridis
1269 2471 1417 2538 edendae
1440 2495 1553 2538 curam
1583 2475 1622 2538 iis

292 2588 501 2674 potissimum
536 2587 770 2670 demandavit,
810 2589 866 2673 qui
899 2588 1052 2653 instituto
1087 2586 1338 2675 archaeologioo
1373 2587 1524 2654 Romano
1557 2589 1623 2654 iam

292 2704 398 2788 ipsius
425 2702 627 2769 Academiae
658 2703 814 2789 auspiciis
843 2710 935 2768 recto
965 2702 1123 2788 praefecti
1156 2708 1242 2768 sunt.
1289 2701 1377 2768 Nam
1406 2713 1443 2768 ut
1464 2704 1562 2770 Italia
1591 2717 1624 2770 et

293 2819 326 2882 iu
350 2817 448 2884 Italia
476 2818 617 2883 maxime
646 2816 726 2884 urbs
756 2827 890 2883 aeterna
919 2817 1036 2882 horum
1066 2815 1249 2883 studiorum
1273 2817 1366 2904 origo
1390 2828 1441 2883 est
1465 2827 1497 2883 et
1519 2817 1623 2884 domi·

295 2933 423 3015 cilium,
451 2933 500 2998 ita
521 2933 715 3000 Institutum
744 2931 827 2997 illud
858 2931 900 2997 ad
923 2931 958 2996 id
980 2931 1105 3017 ipsum,
1135 2954 1200 3017 quo
1229 2952 1290 2996 nos
1313 2931 1495 3014 tendimus,
1525 2935 1622 2999 etiam

295 3057 371 3114 ante
402 3059 520 3136 sponte
549 3071 610 3114 sua
638 3047 779 3114 tetendit
810 3047 1002 3133 nullumque
1035 3045 1133 3112 hodie
1163 3055 1254 3113 extat
1285 3047 1545 3134 promptuarium
1573 3048 1623 3112 in-

295 3163 510 3250 scriptionum
539 3163 735 3230 Latinarum
763 3185 870 3248 nuper
899 3171 1102 3249 repertarum
1133 3162 1239 3228 minus
1268 3162 1494 3249 imperfectum
1525 3186 1622 3248 quam

293 3287 371 3345 sunt
394 3286 468 3344 acta
492 3279 562 3345 eius
586 3280 711 3344 maiora
733 3277 935 3363 minoraque.
975 3277 1045 3343 Iam
1063 3277 1259 3362 Ephemeris
1283 3277 1365 3342 haee
1388 3278 1466 3343 licet
1483 3278 1530 3344 ibi
1547 3277 1624 3343 eda·

292 3403 363 3476 tur,
391 3394 448 3460 ubi
476 3394 582 3460 editur
607 3391 755 3479 Corpus,
785 3395 878 3459 cuius
902 3415 968 3458 non
993 3401 1044 3458 est
1066 3392 1129 3457 nisi
1154 3391 1299 3457 accessio
1324 3392 1432 3478 aliqua
1455 3401 1488 3458 et
1512 3402 1624 3458 sueta-

291 3510 387 3590 rium,
411 3509 473 3574 erit
496 3518 529 3574 et
547 3509 621 3594 ipsa
636 3509 785 3574 Instituti
800 3507 1042 3595 arohaeologiei
1057 3505 1208 3589 Romani,
1232 3529 1467 3593 speramusque
1482 3507 1564 3590 fore,
1586 3518 1624 3572 ut

294 3623 479 3688 coniunctis
507 3623 595 3688 curis
617 3623 777 3688 Italorum
803 3621 1127 3707 Germanorumque,
1158 3643 1297 3706 quorum
1320 3621 1384 3688 illis
1408 3621 1490 3688 haec
1514 3621 1624 3688 studia

293 3735 402 3821 patria
425 3745 518 3819 sunt,
548 3735 600 3804 his
623 3737 688 3802 iam
714 3738 891 3824 adoptiva,
916 3736 1080 3802 adiunctis
1103 3737 1181 3801 item
1206 3745 1387 3802 ceterarum
1410 3737 1580 3802 nationum
1604 3760 1624 3802 a

294 3850 522 3917 communibus
545 3851 727 3917 litterarum
750 3852 868 3918 studiis
891 3875 958 3918 non
982 3851 1227 3917 abhorrentium
1252 3851 1384 3934 officiis,
1407 3850 1462 3917 hio
1484 3853 1624 3938 inscrip-

293 3966 420 4030 tionum
450 3965 644 4032 Latinarum
677 3989 793 4033 recens
827 3976 1028 4053 repertarum
1061 3966 1236 4032 thesaurus
1266 3989 1326 4053 per
1357 3988 1461 4031 annos
1493 3967 1623 4032 futuros

293 4081 395 4147 t'ontis
417 4082 569 4168 perpetui
592 4082 697 4146 instar
720 4083 905 4148 sca-turriat.

384 4196 509 4262 Verum
538 4205 589 4262 est
616 4198 738 4262 fontem
768 4195 877 4262 adhuc
906 4197 1038 4262 minime
1065 4195 1256 4279 scaturrire,
1286 4196 1386 4261 immo
1409 4195 1464 4261 vix
1488 4195 1622 4262 stillare.

295 4310 326 4374 N
331 4334 383 4376 am
407 4334 482 4378 eum
505 4312 601 4378 nobis
624 4313 893 4399 proposuerimus
918 4311 1007 4377 edita
1030 4311 1161 4377 demum
1176 4311 1344 4376 volumina
1361 4309 1520 4396 Corporis
1535 4311 1563 4377 I.
1580 4309 1623 4376 L.

295 4425 387 4490 hisce
411 4429 532 4493 nostris
556 4426 697 4515 pagellis
720 4428 884 4512 supplere,
909 4426 1018 4492 adhuc
1033 4428 1097 4493 tria
1112 4434 1239 4491 tantum
1254 4425 1448 4512 prodierunt
1464 4426 1625 4512 antiquis-

296 4539 471 4623 simarum,
493 4541 767 4626 Hispanicarum,
790 4542 1066 4629 Pompeianarum
1095 4540 1249 4627 penicillo
1274 4541 1391 4606 stilove
1416 4540 1622 4626 scriptarum.

295 4654 404 4720 Erunt
431 4656 534 4744 igitur
565 4657 620 4741 qui
647 4681 708 4723 nos
738 4657 982 4744 reprehendant
1004 4664 1141 4743 propter
1162 4677 1417 4743 praeproperam
1439 4653 1624 4720 festinatio-

295 4791 388 4849 nem;
412 4769 472 4836 sed
495 4769 639 4855 videant,
663 4795 704 4837 ne
727 4772 891 4838 fallantur.
930 4771 1019 4837 Nam
1044 4781 1094 4836 est
1117 4769 1241 4857 aliquid
1263 4772 1298 4835 in
1321 4770 1381 4835 tali
1404 4791 1439 4834 re
1463 4768 1624 4855 coepisse.

297 4883 428 4950 Deinde
452 4867 751 4972 antiquissimarum
775 4887 925 4976 syllogen
949 4893 1025 4952 aute
1048 4885 1109 4952 hos
1134 4895 1209 4951 octo
1233 4907 1338 4951 anuos
1355 4883 1476 4950 editam
1492 4881 1626 4968 supple-

296 5007 442 5064 mentum
465 5001 519 5066 vel
543 4999 640 5066 hodie
664 5002 829 5088 requirere
852 5002 949 5088 periti
972 5023 1039 5066 non
1061 4999 1250 5089 negabunt,
1277 5021 1339 5065 neo
1363 5006 1520 5085 spernent
1543 5017 1625 5083 quas

297 5113 448 5182 dabimus
464 5115 632 5201 Hispanas
657 5126 689 5183 et
704 5116 922 5204 Pompeianas
945 5115 1024 5182 licet
1046 5137 1181 5182 numero
1205 5137 1272 5180 non
1296 5115 1344 5180 ita
1359 5113 1489 5180 multas.
1525 5111 1626 5177 Prae-
