3582 5956
556 577 736 668 ususnoa.
760 613 963 668 asvsnrvu.
1295 669 1299 678 ,
1346 599 1419 671 233

93 787 228 866 positum
254 795 309 846 est.
362 787 494 875 primurn
521 787 612 865 igitur
646 792 790 847 restituere
820 796 850 848 et
881 790 992 864 reficere
1024 789 1160 849 aedificia
1194 791 1255 850 ullo
1289 792 1422 852 notionis

94 888 269 948 discrimine
290 889 409 948 differre
431 907 492 948 non
514 888 661 961 videntur,
684 889 715 947 id
736 890 817 965 quod
838 890 969 949 maxime
995 890 1075 950 curis
1098 891 1234 968 Capitolii
1256 893 1423 952 restituendi

95 989 133 1048 de
147 1007 209 1066 qua
222 990 301 1050 inira
314 990 447 1050 dicemus
461 1008 527 1049 cum
542 978 726 1049 triumvirum
740 991 858 1050 cedibus
872 992 1028 1067 reficiendis
1047 1000 1078 1051 et
1091 993 1318 1070 quinquevirum
1331 996 1422 1053 maria

94 1093 278 1167 turribusque
298 1093 454 1167 reficiendis
477 1091 556 1167 (Liv.
578 1089 822 1166 25‚s)eon1atis
844 1102 976 1168 apparet.
1010 1093 1063 1152 sed
1084 1111 1158 1152 usus
1180 1093 1242 1152 iere
1263 1101 1421 1172 utrumque

93 1192 274 1252 vocabulum
294 1193 338 1251 ita
359 1193 509 1264 discrevit,
532 1200 564 1250 ut
585 1191 636 1269 qui
656 1191 799 1251 refectum
820 1193 987 1252 aedificium
1008 1194 1185 1254 dedicarent
1199 1215 1259 1254 non
1279 1195 1421 1254 refecisse

92 1293 127 1352 id
149 1293 204 1352 sed
224 1293 391 1354 restituisse
412 1311 445 1352 se
466 1301 655 1365 testarentur,
676 1301 710 1351 ut
726 1302 874 1352 testantur
895 1295 1011 1353 aedium
1033 1313 1184 1379 sacrarum
1205 1297 1294 1368 tituli,
1315 1305 1421 1355 contra
1500 1278 1503 1284 ’

91 1395 193 1471 ipsam
219 1412 341 1473 operam
366 1396 398 1454 in
423 1395 604 1453 restituendo
630 1394 808 1454 collocatam
835 1394 988 1454 reficiendi
1008 1396 1152 1456 vocabulo
1174 1396 1326 1474 appellare
1346 1398 1420 1455 mal·

94 1494 168 1567 lent,
190 1505 223 1553 ut
243 1496 315 1556 lecit
335 1497 401 1573 ipse
414 1497 571 1572 Augustus
591 1495 623 1554 in
642 1515 742 1554 rerum
762 1504 914 1571 gestarum
934 1496 1040 1555 indice.
1075 1497 1157 1556 nullo
1173 1497 1264 1574 igitur
1277 1506 1421 1573 quantum

93 1595 215 1673 quidem
247 1596 382 1655 noverim
413 1596 524 1655 indicio
556 1597 768 1673 comprobatur
797 1595 949 1655 reficiendi
979 1615 1102 1674 operam
1126 1597 1205 1657 intra
1229 1601 1419 1676 angustiores

93 1715 184 1775 quam
210 1698 385 1757 restituendi
411 1697 487 1757 fines
515 1715 582 1757 sese
607 1698 768 1756 continere.
810 1698 862 1758 sed
888 1716 976 1774 quem
998 1699 1036 1757 ad
1057 1698 1146 1758 finem
1166 1700 1225 1758 hoc
1243 1699 1421 1758 restituendi

94 1797 279 1858 reficiendivi
301 1817 409 1858 munus
431 1799 579 1875 pertineat
600 1809 681 1859 certo
703 1797 843 1874 exemplo
864 1797 1045 1876 Capitolium
1066 1808 1111 1858 ter
1134 1801 1303 1860 restitutum
1324 1801 1421 1871 docet,

94 1900 142 1958 bis
165 1900 209 1958 ita
229 1909 262 1959 ut
283 1902 318 1960 de
339 1901 402 1960 eolo
422 1900 611 1960 reficiendum
624 1901 722 1960 fuerit.
755 1917 823 1958 nam
844 1907 875 1957 et
890 1899 927 1972 Q.
944 1898 1084 1959 Catulum
1102 1898 1241 1978 Capitolii
1254 1902 1421 1960 restituendi

93 2010 252 2060 curatorem
273 1999 371 2059 Varro
393 2009 520 2061 testatur
548 2002 641 2080 (apud
668 2000 747 2061 Gell.
771 1998 801 2073 2,
825 2000 878 2076 10)
900 2019 1001 2059 aream
1022 2001 1125 2079 templi
1147 2010 1269 2078 propter
1288 2002 1420 2060 sarissas

92 2121 155 2160 non
181 2103 317 2178 potuisse
345 2103 511 2180 deprimere
532 2109 562 2163 et
582 2102 696 2161 eisdem
721 2101 858 2178 vestigiis
879 2118 939 2177 qua
960 2109 1044 2160 vetus
1064 2101 1154 2161 fuerit
1179 2121 1288 2161 novam
1312 2101 1421 2160 iecisse

92 2201 262 2279 Dionysius
285 2203 328 2280 (4,
353 2204 406 2280 61)
436 2212 465 2262 et
485 2203 639 2262 columnas
661 2203 875 2279 materiamque
896 2220 1013 2260 omnem
1034 2202 1164 2280 undique
1187 2203 1421 2278 magnificentis-

92 2305 201 2364 simam
222 2313 394 2380 asportasse
415 2304 475 2377 alii,
502 2322 627 2381 quorum
648 2303 821 2362 testimonia
841 2302 999 2380 diligenter
1018 2302 1055 2362 L.
1077 2303 1114 2362 B.
1137 2300 1261 2380 Saphan
1288 2303 1339 2378 (de
1361 2301 1420 2361 Ca·

91 2405 199 2482 pitolio
220 2404 368 2476 Romano,
390 2385 463 2463 diss.
478 2403 618 2463 Hallensi
633 2421 660 2463 a.
680 2403 773 2480 1866)
795 2404 972 2480 composuit.
1015 2421 1119 2463 rursus
1140 2405 1208 2479 ipsa
1228 2403 1421 2462 fundamenta

91 2515 193 2567 vetera
219 2505 316 2564 forma
343 2523 404 2563 non
429 2512 544 2563 mutata
568 2505 648 2564 iacta
672 2520 741 2563 esse
767 2505 805 2562 ab
827 2504 898 2580 imp.
921 2503 1121 2579 Vespasiano,
1146 2507 1198 2581 qui
1220 2523 1317 2564 curam
1337 2507 1420 2563 resti·

93 2608 191 2665 mendi
218 2606 353 2683 Capitolii
382 2606 414 2664 in
439 2604 477 2664 L.
500 2604 659 2665 Vestinum
692 2605 838 2676 cotulerit,
873 2611 976 2664 auctor
1001 2613 1049 2664 est
1074 2604 1198 2665 Tacitus
1225 2606 1294 2665 hist.
1317 2605 1346 2675 4,
1368 2604 1419 2664 53.

91 2708 197 2767 eodem
226 2708 315 2767 modo
343 2709 380 2767 ab
401 2707 578 2766 Domitiano
606 2724 677 2765 nuru
705 2708 865 2764 restitutum
889 2703 1064 2782 Capitolium
1090 2706 1130 2764 sit
1156 2737 1195 2748 -
1222 2724 1291 2766 nam
1312 2707 1356 2764 ita
1375 2707 1420 2764 in·

89 2808 234 2884 scriptum
261 2815 308 2868 est
328 2808 456 2867 nummis
478 2808 543 2867 eius
566 2839 605 2850 -
627 2805 811 2883 ignoramus.
853 2805 914 2864 iam
941 2804 1031 2864 aedes
1061 2823 1173 2878 sacras,
1199 2825 1276 2883 quae
1299 2805 1420 2882 quidem

89 2909 202 2986 templa
214 2908 333 2982 fuerint,
348 2909 391 2968 ita
404 2910 486 2969 tacta
507 2925 572 2968 essa
593 2913 721 2979 constat,
741 2913 775 2965 ut
794 2905 965 2983 regionibus
988 2908 1026 2965 ab
1044 2924 1155 2983 augure
1175 2909 1206 2965 in
1222 2907 1287 2966 solo
1301 2907 1421 2983 publico

89 3010 183 3070 finitis
204 3018 447 3070 consecrarentur
469 3029 488 3068 a
507 3009 709 3088 pontificibus,
731 3013 922 3067 consecratae
943 3007 1150 3066 dedicarentur
1164 3027 1182 3065 a
1196 3006 1421 3082 magistratibus

89 3111 173 3171 eisvs
194 3112 246 3189 qui
267 3112 304 3170 ad
330 3112 363 3170 id
381 3111 480 3188 ipsum
500 3110 677 3168 nominatim
704 3107 796 3166 creati
821 3114 938 3166 essent:
966 3125 1035 3164 nam
1060 3107 1104 3164 ita
1129 3106 1291 3181 loquuntur
1314 3106 1421 3166 Livius

90 3209 199 3272 Cicero
221 3213 286 3284 alii;
307 3230 367 3289 quo
388 3212 435 3272 die
457 3219 555 3270 autem
569 3209 723 3269 dedicatae
744 3216 846 3268 essent
865 3226 932 3265 eum
952 3207 1052 3283 ipsum
1072 3212 1215 3282 tanquam
1228 3207 1358 3265 natalem
1372 3205 1421 3265 dei

88 3313 205 3372 domiui
226 3314 309 3374 aedis
332 3332 403 3373 suae
423 3314 455 3371 in
476 3312 573 3371 fastos
593 3310 720 3370 relatum
742 3327 834 3386 supra
854 3307 992 3366 vidimus.
1024 3325 1080 3367 uec
1101 3307 1128 3365 si
1150 3323 1205 3382 pro
1223 3306 1419 3379 dedicatione,

88 3433 181 3492 quam
203 3414 327 3474 Verrius
348 3413 477 3473 Flaccus
501 3419 676 3472 constanter
701 3409 876 3482 nominavit,
903 3408 955 3466 alii
976 3407 1070 3466 veluti
1091 3406 1200 3466 Festus
1222 3425 1250 3483 p.
1268 3404 1327 3464 257
1349 3424 1418 3465 con·

87 3515 288 3576 sectationem
311 3515 504 3588 substituunt,
536 3512 694 3591 quicquam
715 3511 752 3570 de
780 3528 813 3568 re
839 3510 907 3586 ipsa
931 3515 1063 3567 mutatur
1088 3515 1141 3566 aut
1166 3507 1294 3585 cogitari
1319 3513 1420 3585 potest

87 3617 127 3677 de
149 3617 374 3676 consecratione
399 3615 456 3675 soli
484 3632 574 3692 quam
602 3631 622 3671 a
642 3609 867 3671 consecratione
894 3608 1024 3668 aedificii
1051 3609 1200 3668 diversam
1226 3625 1295 3667 esse
1321 3607 1419 3668 infeli·

87 3719 164 3777 citer
184 3715 373 3776 Lnebbertus
404 3717 532 3776 secrevit
556 3732 593 3773 eo
619 3713 758 3790 exemplo
787 3728 861 3769 usus
888 3708 970 3786 quod
1002 3709 1081 3768 inira
1113 3709 1314 3768 tractabimus.
1357 3727 1419 3768 nou

86 3819 187 3898 tetigit
209 3819 287 3877 hanc
308 3837 372 3875 rem
392 3815 543 3876 Nissenus
565 3814 727 3891 (Templum
747 3831 776 3888 p.
795 3811 853 3871 188
876 3809 917 3887 s.)
944 3829 1011 3869 cum
1032 3809 1109 3868 dixit
1128 3810 1279 3870 natalibus
1301 3809 1419 3870 aedium

86 3921 230 4000 regiones
255 3937 358 3978 earum
385 3918 423 3976 ad
448 3918 523 3977 solis
551 3923 649 3974 ortum
681 3915 809 3974 directas
842 3929 911 3971 esse
943 3911 1126 3989 deorumque
1154 3913 1271 3971 natales
1298 3913 1419 3971 vocavit

85 4022 278 4082 conditarum
303 4019 420 4079 aedium
445 4019 561 4078 natales
582 4017 730 4077 vocabulo
757 4031 829 4072 usus
857 4013 996 4090 ambiguo
1018 4012 1301 4090 (Graiaduaqstoqe).
1344 4013 1419 4072 haec

85 4122 253 4182 difficultas
279 4140 340 4180 non
372 4120 459 4178 video
491 4137 551 4196 qao
583 4117 709 4176 artificio
741 4114 818 4173 solvi
849 4115 947 4190 possit
979 4112 1174 4189 (quamquam
1208 4115 1325 4172 solvere
1356 4132 1425 4174 non.

85 4244 189 4284 meum
222 4223 282 4299 est)
313 4221 374 4281 nisi
406 4229 572 4280 statuamus
604 4235 640 4276 eo
670 4217 737 4292 ipse
769 4213 831 4285 die,
867 4231 927 4290 quo
959 4213 1105 4288 templum
1135 4212 1246 4270 factum
1281 4212 1339 4268 hoc
1371 4220 1417 4270 est

85 4328 215 4388 effatum
259 4325 479 4399 liberatumque
519 4321 558 4378 ab
595 4317 757 4394 auguribus
798 4314 997 4390 regionesque
1040 4313 1142 4372 finitae
1181 4318 1297 4382 essent,
1345 4317 1417 4385 post

84 4446 236 4488 annorum
257 4425 442 4502 singulorum
462 4420 630 4499 pluriumve
650 4417 809 4477 decursam
831 4414 920 4473 aedes
941 4412 1091 4472 dedicatas
1113 4428 1190 4470 esse.
1233 4428 1268 4468 ac
1289 4425 1361 4466 sans
1383 4411 1415 4469 in

83 4528 213 4589 annales
240 4528 367 4586 relatum
394 4524 563 4583 invenimus
588 4521 667 4578 inter
691 4525 791 4577 votam
818 4499 1070 4592 coeptamve'aut
1096 4513 1225 4570 locatam
1253 4508 1358 4568 aedem
1379 4527 1415 4568 ac
1528 4571 1532 4580 ,

82 4630 256 4690 dedicatam
276 4634 351 4703 quot
371 4643 517 4684 annorum
539 4621 670 4700 spatium
691 4616 867 4688 interfuerit,
893 4614 1052 4692 atquibus
1075 4611 1179 4670 diebus
1203 4609 1266 4669 fieri
1290 4617 1415 4686 coeptae

82 4733 150 4791 sint
177 4728 338 4788 admodum
365 4727 441 4785 raris
467 4731 498 4784 et
522 4723 583 4784 nisi
607 4721 678 4799 quid
700 4738 748 4778 me
767 4717 878 4795 fugerit
897 4717 994 4774 tribus
1013 4715 1076 4773 fere
1096 4711 1243 4789 exemplis
1264 4710 1413 4787 proditum

81 4839 142 4892 est.
185 4848 264 4906 quae
291 4827 432 4905 exempla
456 4844 517 4885 uno
543 4841 596 4882 ore
622 4821 754 4882 clamant
780 4819 916 4878 diversos
937 4833 1004 4878 esse
1026 4815 1161 4892 potuisse
1182 4812 1300 4870 natales
1323 4812 1348 4871 si
1370 4813 1413 4870 ita

81 4933 188 4993 dicere
207 4930 280 4990 licet
299 4936 453 5005 utrosque.
496 4925 624 5003 primum
650 4921 730 4981 enim
754 4939 836 4980 aram
856 4918 947 4978 Pacis
968 4918 1124 4995 Augustae
1146 4915 1325 4974 consaturant
1345 4929 1412 4972 esse

80 5035 135 5094 die
157 5031 217 5091 lul.
240 5033 260 5090 4
281 5051 308 5091 a
328 5029 398 5101 740,
431 5028 590 5087 dedicatum
620 5022 670 5083 die
700 5020 766 5079 lan.
789 5020 828 5079 30
860 5037 888 5077 a.
911 5019 971 5078 745
1003 5017 1075 5076 lasti
1106 5022 1262 5074 testantur.
1304 5011 1413 5072 deinde

82 5133 235 5212 Capitolii
247 5129 426 5193 restituendi
447 5145 541 5188 causa
556 5143 628 5184 area
645 5123 775 5183 lustrata
794 5127 841 5181 est
860 5120 899 5179 ab
920 5120 992 5196 imp.
1007 5115 1197 5194 Vespasiano
1218 5114 1267 5173 die
1280 5112 1347 5170 Iun.
1370 5110 1409 5170 al

82 5235 178 5314 (Tac.
200 5223 231 5294 h.
252 5235 283 5308 4,
305 5233 371 5311 53),
396 5248 465 5292 cum
490 5226 620 5290 namlem
639 5224 724 5285 Iovis
748 5211 904 5284 mansisse'
924 5220 1002 5280 diem
1031 5219 1068 5279 13
1091 5216 1255 5296 Septuma
1282 5211 1412 5272 dubitari
