3546 5950
353 581 423 654 136
923 594 1125 649 uomuseu·

350 781 449 832 autem
479 781 531 829 aut
556 791 593 830 eo
618 773 685 850 ipso
710 781 858 847 tempore,
884 787 946 846 quo
966 767 1084 844 legatus
1104 766 1229 827 Raetiae
1250 765 1392 843 praefuit,
1420 766 1603 841 praepositus
1621 773 1659 823 eet

350 873 541 932 vexillationi
567 874 696 951 legionis
717 873 758 930 ibi
780 871 973 931 consistentis
995 869 1045 928 ΙΙΙ
1066 868 1189 927 Italicae
1210 875 1241 926 et
1261 869 1362 926 iussus
1384 884 1507 943 pergere
1528 866 1564 924 ad
1583 885 1657 942 expe·

353 976 497 1033 ditionem
512 972 732 1045 Germanicam,
754 980 807 1032 aut
827 978 896 1048 poet
915 989 981 1030 eam
1003 971 1234 1046 expeditionem,
1255 987 1345 1045 quam
1365 967 1505 1026 eRaetia
1518 967 1659 1044 prolectam
1737 975 1738 982 ’

350 1095 417 1134 esse
440 1092 532 1151 supra
545 1074 687 1147 vidimus,
709 1075 740 1133 in
762 1073 918 1150 provincia
937 1072 1054 1149 legatus
1076 1072 1221 1130 remansit
1234 1071 1272 1130 ed
1286 1068 1357 1129 belli
1372 1069 1516 1146 reliquiae
1530 1069 1660 1144 extirpan-

351 1177 416 1236 das.
449 1175 528 1235 lllnd
541 1176 670 1235 fortasse
684 1175 912 1253 praeferendum
927 1182 975 1232 est
986 1182 1112 1250 propter
1125 1172 1269 1249 temporie
1283 1171 1414 1230 rationes
1419 1191 1429 1242 ;
1447 1189 1518 1228 nam
1532 1169 1661 1248 expeditio

352 1277 452 1353 eoepit
472 1287 617 1336 autumno
640 1296 667 1336 a.
685 1276 755 1348 213,
777 1276 968 1335 consulatum
989 1280 1089 1333 autem
1104 1271 1234 1334 Sabinus
1248 1272 1316 1331 iniit
1336 1290 1363 1330 a.
1379 1269 1440 1330 214
1461 1272 1529 1331 Ian.
1543 1274 1567 1330 l.
1599 1271 1661 1328 Bae·

351 1379 411 1436 tiae
437 1377 550 1454 legatio
579 1380 707 1453 denique
733 1394 914 1453 quamquam
938 1376 1091 1452 praetoria
1110 1375 1181 1447 fuit,
1207 1383 1306 1433 nmen
1328 1372 1500 1451 utlagatus
1521 1372 1662 1430 eliuseins

325 1465 327 1470 ¹
352 1478 527 1553 provinciae
553 1479 615 1555 Ap.
638 1477 784 1538 Claudius
804 1477 974 1536 Lateranus
1003 1476 1034 1536 in
1060 1475 1149 1535 titulo
1169 1475 1228 1548 111,
1244 1475 1325 1534 5793
1348 1499 1386 1525 =
1407 1472 1503 1533 Orell.
1520 1473 1594 1533 1399
1612 1491 1661 1532 eon·

353 1577 401 1636 aul
421 1579 588 1653 deeiqnatua
614 1579 799 1655 appellatur,
824 1578 869 1636 ita
889 1575 1021 1638 Sabinus
1041 1595 1161 1655 quoque
1182 1577 1252 1636 dum
1274 1595 1310 1635 eo
1331 1575 1431 1634 officio
1457 1573 1589 1651 iungitur
1606 1591 1662 1633 eon·

356 1679 402 1736 sul
425 1678 577 1756 designari
599 1680 706 1757 potuit

513 1780 571 1850 14.
626 1776 766 1852 Consul
792 1778 1010 1856 ordinarius.

437 1897 635 1959 Consulatum
662 1900 694 1957 in
722 1908 849 1977 utroque
873 1899 961 1958 titulo
985 1907 1075 1960 extre
1095 1899 1230 1959 ordinem
1251 1897 1434 1958 collocatum
1454 1897 1523 1956 loeo
1542 1895 1662 1974 primario

353 2019 409 2058 eur
432 1999 489 2058 hoe
508 2000 700 2078 potissimum
721 2000 789 2059 loeo
813 1999 957 2072 inseram,
984 2018 1076 2078 snpra
1095 1999 1235 2077 explicui.
1277 2000 1402 2059 Annum
1422 1997 1593 2058 consulatus
1609 2012 1662 2054 esee

354 2119 383 2176 p.
402 2099 474 2160 Chr.
495 2100 556 2159 214
583 2102 643 2160 iam
669 2102 867 2160 Minerrinius
895 2102 969 2160 setis
995 2102 1221 2162 demonstrarit
1264 2100 1344 2160 Nam
1372 2111 1405 2159 ut
1429 2102 1545 2160 mittam
1570 2095 1662 2156 saeculi

353 2201 442 2277 primi
470 2204 629 2279 quartique
655 2203 795 2262 eonsules
822 2203 991 2262 ordinarios
1014 2200 1158 2277 Sabinos,
1186 2203 1296 2279 quibus
1323 2202 1373 2261 hio
1398 2202 1500 2261 locum
1528 2214 1661 2260 noneste

354 2311 488 2380 apparet,
510 2322 564 2379 per
585 2305 749 2363 seeundum
770 2304 921 2363 saeculum
942 2305 1009 2362 eius
1029 2304 1159 2363 neminie
1180 2304 1279 2364 nullus
1299 2305 1458 2382 reperimr,
1478 2302 1567 2362 tertio
1583 2309 1663 2358 autem

354 2412 415 2461 tres
437 2423 464 2462 a.
480 2404 549 2463 214.
573 2401 643 2464 216.
663 2402 734 2462 240.
777 2404 828 2462 lix
854 2405 903 2464 his
925 2405 1057 2464 consulis
1079 2425 1106 2464 a
1123 2403 1182 2465 216
1205 2407 1264 2464 tria
1285 2407 1407 2464 uomina
1427 2405 1464 2464 P.
1487 2405 1563 2466 Curti
1582 2400 1663 2461 Soliti

354 2521 450 2580 nuper
482 2505 615 2581 explerit
645 2505 780 2582 diploma
810 2506 943 2565 veterani
975 2508 1041 2566 eius
1073 2506 1196 2584 anni¹);
1228 2509 1258 2566 ei
1292 2514 1409 2579 autem,
1442 2507 1497 2582 qui
1524 2522 1599 2562 anno
1617 2499 1663 2560 240

355 2621 463 2662 nomen
484 2596 579 2678 dedit,
602 2615 632 2665 et
652 2606 746 2665 Vettii
768 2625 877 2667 nomen
896 2607 992 2667 fuisse
1013 2607 1168 2684 probabile
1191 2606 1277 2684 eet²)
1298 2615 1343 2681 et,
1365 2617 1400 2667 ut
1419 2609 1497 2667 haee
1517 2605 1664 2666 coniectura

354 2702 450 2774 fallat,
473 2706 637 2766 iterationis
658 2715 731 2766 nota
751 2709 779 2766 ei
800 2707 961 2785 propria⁸)
982 2709 1014 2766 in
1030 2705 1174 2768 Sabinum
1195 2709 1272 2768 tituli
1287 2709 1449 2785 Aquinatis
1465 2726 1524 2766 non
1538 2703 1664 2766 conruit
1742 2709 1743 2724 *

356 2803 404 2862 De
427 2823 485 2862 uuo
507 2807 631 2865 oonsule
652 2827 678 2866 a
695 2807 755 2866 214
778 2808 892 2886 collega
912 2809 1093 2881 Messallae,
1115 2829 1204 2886 quem
1226 2809 1331 2869 eodem
1352 2819 1487 2886 tempore
1508 2815 1538 2868 et
1556 2805 1663 2884 primum

354 2911 386 2964 et
407 2905 592 2966 ordinarium
612 2909 768 2968 eonsulem
789 2908 900 2968 laetum
924 2926 992 2970 esse
1013 2918 1143 2982 onustat,
1170 2911 1267 2970 adhm
1293 2911 1368 2969 nihil
1392 2911 1516 2969 omnino
1543 2919 1663 2968 noramut

354 3014 474 3081 praeter
499 3025 680 3084 cognomen3
706 3011 776 3068 huie
802 3011 893 3087 igitur
918 3011 1077 3087 quominus
1101 3011 1220 3070 titulum
1241 3011 1422 3086 Aquinatem
1444 3030 1514 3070 oum
1535 3007 1662 3068 similibus

354 3104 541 3180 tribuamus,
566 3108 641 3167 nihil
667 3111 774 3170 obstat
798 3143 835 3153 -
865 3110 931 3170 lam
954 3131 1025 3171 vero
1052 3113 1102 3171 ubi
1132 3113 1232 3172 titulos
1258 3113 1329 3186 hoe,
1355 3113 1393 3172 de
1419 3113 1531 3189 quibus
1557 3109 1663 3185 agimus,

354 3209 559 3284 componimus
580 3227 648 3268 eum
669 3210 805 3288 reliquis,
827 3211 990 3287 inquibus
1011 3215 1150 3274 eonsules
1171 3213 1394 3292 distinguantur
1412 3213 1610 3291 appellatione
1627 3225 1664 3264 or·
1743 3219 1744 3244 ¹

354 3308 548 3384 dinariorum,
567 3327 634 3369 oum
649 3329 753 3370 eorum
769 3312 996 3390 antiquissimus
1010 3315 1163 3392 hueusque
1176 3322 1267 3374 notus
1283 3316 1323 3374 sit
1335 3313 1372 3375 O.
1386 3313 1481 3374 Vettii
1496 3312 1582 3374 Grati
1594 3307 1664 3372 Sebi-

354 3409 436 3468 niaui
458 3428 520 3469 eos.
543 3429 570 3468 a.
586 3409 697 3488 2214),
723 3413 802 3471 huno
824 3412 929 3474 Sabini
951 3417 1083 3475 omnium
1104 3416 1193 3476 buius
1214 3417 1333 3493 generis
1355 3415 1592 3492 antiquissimum
1611 3425 1665 3468 esse

354 3521 480 3588 apparet
505 3513 661 3590 ipsiusque
688 3513 782 3572 titulis
808 3533 874 3573 eam
901 3515 1111 3592 appellationis
1138 3517 1375 3576 immutationem
1396 3517 1503 3575 referri
1523 3515 1561 3574 ad
1581 3530 1663 3572 saecu·

354 3610 418 3668 lum
434 3609 617 3671 Caracallue.
655 3612 840 3673 Crediderim
863 3625 960 3674 autem
982 3633 1049 3675 eam
1070 3617 1256 3677 eoniunetam
1278 3635 1345 3677 esse
1362 3636 1429 3677 oum
1444 3637 1492 3692 eo,
1513 3613 1664 3694 quodcirca

354 3709 385 3767 id
407 3698 506 3786 ipsum
527 3723 646 3792 tempus
668 3733 766 3775 annue
785 3715 904 3793 publice
924 3716 1023 3776 notari
1041 3726 1164 3794 eoeptus
1184 3728 1230 3777 est
1248 3717 1419 3778 nominibus
1434 3717 1587 3779 consulum
1600 3710 1663 3772 ordi·

355 3811 518 3872 uariorum.
553 3815 633 3876 Nam
655 3817 848 3877 suffectorum
871 3818 1042 3877 nominibus
1063 3836 1243 3896 quamquam
1265 3819 1377 3879 dudum
1399 3827 1488 3880 autea
1503 3819 1589 3896 vulgo
1608 3813 1664 3874 sub·

356 3994 560 4009 -ι-ᾑ-

434 4125 457 4189 ¹)
484 4129 527 4180 111
545 4147 571 4196 p.
585 4133 648 4183 391.
685 4135 812 4188 Similiter
830 4136 950 4202 leguntur
968 4138 1004 4199 11,
1019 4139 1099 4188 2221.
1114 4135 1186 4190 2663
1207 4145 1233 4188 et
1251 4139 1278 4189 in
1297 4138 1430 4190 Orellianu
1448 4153 1475 4189 n.
1489 4139 1551 4190 330.

431 4215 456 4281 ²)
483 4221 594 4272 Videtur
617 4226 685 4275 enim
710 4240 766 4276 esse
784 4228 886 4278 Vettius
912 4227 1023 4281 Sabinus
1047 4243 1080 4278 ex
1103 4229 1203 4279 familia
1227 4230 1364 4294 Ulpiorum
1387 4231 1508 4296 princepe
1532 4229 1626 4278 senam
1644 4227 1664 4268 et

355 4309 500 4372 praefectus
518 4313 588 4363 urbis
607 4315 654 4365 sub
673 4316 791 4368 Maximo
811 4325 837 4368 et
853 4319 964 4369 Balbino
984 4319 1047 4382 (rite
1065 4320 1137 4370 Max.
1157 4327 1184 4369 et
1201 4319 1276 4370 Balb.
1295 4337 1318 4371 e.
1332 4323 1358 4371 2.
1371 4319 1408 4382 4).

431 4399 456 4463 ⁸)
484 4403 587 4454 Habent
606 4420 663 4455 eam
683 4421 740 4456 eum
754 4407 812 4458 faeti
825 4410 929 4475 quidam
943 4411 1030 4475 scripti
1044 4416 1069 4460 et
1081 4411 1205 4474 reaerlpta
1216 4413 1338 4476 pleraque
1357 4411 1498 4474 (lielandue
1509 4411 1566 4460 ieet.
1580 4422 1603 4471 p·
1613 4399 1663 4460 189)

355 4495 408 4540 tum
427 4493 494 4542 tituli
513 4493 579 4557 (111,
594 4497 666 4547 3474
685 4505 711 4547 et
729 4499 799 4549 Mur.
812 4501 875 4562 361,
890 4502 906 4551 2
921 4519 955 4544 =
969 4501 1043 4552 Grut
1058 4501 1120 4562 309,
1136 4502 1165 4564 6;
1185 4517 1262 4567 quem
1278 4503 1418 4568 genuinum
1436 4515 1492 4553 esse
1510 4515 1543 4552 na
1560 4491 1663 4551 dubierl·
1700 4519 1703 4528 ·

431 4579 457 4642 ⁴)
485 4580 643 4650 Borgheeius
666 4603 726 4654 opp.
744 4591 775 4652 4,
790 4591 853 4641 426.
873 4591 904 4654 5,
919 4592 981 4642 396.
1020 4591 1062 4643 Oi.
1085 4591 1164 4648 etiam
1187 4593 1470 4659 labae-Waddington
1494 4593 1568 4643 inser.
1591 4581 1663 4636 rol-³

355 4685 380 4720 u.
397 4673 467 4724 1639
492 4677 560 4739 expl.
585 4693 611 4742 p.
626 4680 689 4730 438.
708 4707 742 4718 ·-
769 4681 917 4748 Sequuntur
940 4682 1008 4732 tituli
1026 4683 1083 4735 Ser.
1104 4683 1238 4750 Galpnmii
1255 4685 1351 4736 Dextri
1374 4701 1427 4736 ooe.
1451 4700 1475 4736 a.
1489 4683 1542 4736 225
1565 4680 1663 4742 (flamen

356 4775 381 4810 Β·
398 4761 493 4826 65⁰='‘¹);
514 4766 633 4818 Armenii
651 4771 786 4836 Peregrini
805 4789 857 4824 eos.
877 4789 902 4825 a.
917 4774 970 4825 244
989 4773 1097 4835 (Marini
1116 4775 1181 4826 Aru.
1199 4793 1225 4842 p.
1240 4776 1318 4839 531)ς
1337 4775 1375 4827 M.
1393 4775 1509 4826 Mummii
1521 4770 1605 4824 Albini
1621 4777 1664 4816 cot·

356 4851 412 4902 ord.
431 4854 461 4903 ΙΙ
483 4869 507 4905 a.
522 4858 575 4908 246
593 4866 618 4908 et
637 4861 690 4912 263
715 4861 844 4922 (Fabrett.
865 4867 931 4929 100,
946 4866 1024 4928 223);
1047 4865 1153 4918 Balbini
1176 4868 1286 4918 Maximi
1311 4883 1364 4918 eos.
1385 4881 1411 4917 a.
1430 4873 1475 4917 aut
1493 4866 1545 4918 232
1563 4867 1603 4912 aut
1619 4853 1662 4906 233

355 4949 400 4992 aut
420 4945 472 4995 253
491 4946 560 5009 (ride
578 4964 656 5014 supra
674 4953 792 5020 p.132);
812 4956 844 5005 Τ.
864 4956 981 5008 Petronii
994 4957 1130 5009 Volusiani
1149 4974 1202 5010 eos.
1220 4973 1244 5010 a.
1259 4960 1309 5010 261
1331 4957 1422 5019 (Orell.
1436 4956 1527 5017 3100).
1555 4947 1662 5004 Eiuden

356 5033 447 5084 aetatis
472 5036 540 5087 tituli
564 5041 697 5092 consulum
722 5045 926 5109 ordinariorum,
957 5049 984 5099 in
1012 5050 1104 5114 quibus
1127 5051 1238 5100 adiectio
1264 5063 1296 5101 ea
1322 5049 1438 5111 dedolat,
1464 5053 1524 5099 eunt
1546 5046 1574 5096 L
1597 5033 1661 5090 Mtfl'i

355 5123 466 5176 Maximi
487 5143 539 5180 eos.
559 5131 587 5182 11
606 5147 630 5182 e.
644 5134 696 5183 223
715 5134 851 5202 (Borghesi
869 5154 929 5204 opp.
950 5139 1053 5202 5,·456.
1066 5141 1130 5202 480)
1150 5149 1175 5192 et
1193 5141 1224 5193 L.
1244 5142 1286 5194 Ti.
1307 5140 1410 5194 Claudii
1429 5137 1529 5190 Aurelii
1547 5123 1663 5196 Quintiani

356 5214 388 5276 (l.
403 5217 437 5270 N.
450 5219 541 5282 3597),
562 5223 583 5272 ei
602 5223 706 5288 quidem
725 5241 783 5278 rere
802 5235 841 5280 eet
858 5231 970 5284 consulis
989 5246 1012 5282 a.
1028 5233 1089 5284 235.
1174 5267 1177 5274 ι
