3582 5956
534 581 831 636 ossunva'ssortss
848 579 967 634 EPIGR.
988 581 1040 632 XI.

533 793 590 851 xl.
634 795 857 852 ΣΤΡΑΤΗΓΟΣ
881 793 1045 850 russos.

209 933 438 1010 Magistratuum
453 928 655 988 Romanorum
670 927 817 986 vocabula
838 927 977 987 credibile
999 937 1046 987 est
1066 935 1181 988 mature
1196 928 1323 990 Graecis
1345 933 1388 990 lta
1408 933 1453 991 in-

122 1036 274 1107 notuisse,
300 1041 335 1091 ut
360 1034 392 1092 in
419 1049 520 1090 eorum
545 1030 676 1107 linguam
699 1037 941 1092 converterentur
960 1048 1021 1089 non
1041 1049 1097 1108 pro
1118 1031 1214 1091 lubitu
1234 1033 1377 1106 cuiusvis,
1399 1034 1453 1094 sed

122 1135 338 1196 consuetudine
359 1142 479 1211 recepta
495 1139 525 1192 et
539 1151 597 1191 usu
612 1131 759 1192 sollemni.
795 1131 874 1191 Nem
890 1139 923 1190 ut
936 1133 1088 1192 mittamus
1103 1141 1239 1194 auctores
1255 1133 1408 1195 Cumanos
1424 1145 1454 1194 et

122 1238 354 1316 Neapolitanos,
376 1245 456 1296 certe
477 1233 528 1312 qui
549 1234 629 1311 regis
644 1233 754 1312 Pyrrhi
775 1251 823 1292 res
845 1242 946 1311 gestas
963 1231 1154 1311 Siculumque
1168 1237 1279 1297 bellurn
1293 1240 1455 1299 narrabant

124 1339 236 1402 Graeci
261 1339 396 1398 homines
419 1337 526 1398 summi
548 1336 741 1413 magistratus
763 1334 843 1414 apud
863 1335 1017 1395 Romanos
1039 1347 1121 1396 certa
1141 1338 1382 1399 denominatione
1403 1358 1453 1400 ca·

122 1462 190 1502 rere
213 1460 272 1500 non
293 1446 464 1519 potuerunt.
501 1439 567 1498 Iam
588 1439 614 1498 is
637 1440 693 1498 etsi
714 1439 840 1498 testibus
857 1436 1030 1515 Scipionum
1052 1438 1160 1515 elogiis
1182 1441 1249 1516 ipso
1268 1442 1374 1518 quinto
1389 1461 1451 1502 sse-

123 1545 194 1604 culo
216 1543 321 1602 cousul
343 1541 558 1618 appellabatur,
580 1559 675 1617 neque
697 1540 794 1599 solum
817 1539 873 1600 boc
887 1529 952 1599 eiua
967 1540 1144 1600 vocabulum
1159 1541 1254 1601 fuisse
1269 1561 1365 1620 neque
1379 1546 1454 1603 anti»

123 1647 314 1724 quissimum‚
336 1642 389 1702 sed
411 1641 538 1702 eundem
561 1641 721 1718 aliquando
743 1642 802 1700 dici
825 1643 946 1700 solitum
969 1660 1036 1702 esse
1058 1651 1088 1701 et
1108 1653 1214 1720 postea
1234 1663 1354 1722 quoque
1373 1654 1454 1706 recte

123 1748 184 1808 dici
206 1748 342 1823 potuisse
362 1752 531 1824 praetorem
550 1745 714 1803 maximum
729 1743 829 1802 idonei
844 1751 981 1804 auctores
994 1745 1180 1804 tradiderunt
1202 1745 1299 1822 (Fest.
1315 1767 1343 1806 v.
1358 1749 1455 1806 maxi·

124 1868 206 1908 mum
234 1857 402 1926 praetorem
428 1867 457 1924 p.
476 1846 549 1920 1613
576 1845 643 1904 Liv.
665 1846 693 1918 7,
715 1845 758 1922 3).
802 1843 911 1905 Graeci
936 1844 1042 1904 deinde
1064 1848 1090 1905 si
1111 1849 1282 1923 quaerimus
1304 1849 1455 1926 quomodo

124 1950 278 2010 consulem
308 1949 489 2027 appellarint
515 1949 545 2006 iu
572 1935 790 2024 antiquissimis
817 1966 895 2023 quae
922 1947 1042 2023 quidem
1070 1957 1232 2026 supersunt
1259 1950 1455 2022 documentis,

125 2051 162 2112 T.
186 2051 375 2111 Flamininus
398 2069 461 2110 eos.
488 2069 515 2108 a.
532 2050 592 2110 556
620 2049 727 2108 dicitur
746 2049 780 2108 in
800 2049 931 2128 epistula
951 2050 1046 2128 ipsius
1069 2051 1240 2127 scriptaad
1262 2049 1455 2128 Cyretienses

125 2153 304 2214 Thessaliae
323 2153 468 2232 populum
492 2149 584 2230 (0.1.
603 2149 657 2212 Gr.
679 2171 708 2210 n.
728 2151 821 2228 1770)
842 2145 1001 2235 στρατηγὸς
1019 2142 1126 2214 ὕπατος
1143 2147 1284 2221 Ῥωμαίων
1305 2154 1478 2224 similiter-⁸

124 2256 235 2333 quein
257 2255 343 2314 titulo
369 2255 507 2314 dedicato
529 2254 556 2313 ei
578 2273 598 2311 a
619 2252 838 2330 Gythieusibus
861 2250 910 2330 (O.
929 2253 954 2311 Ι.
971 2250 1024 2313 Gr.
1047 2253 1280 2332 n.1325>,nisi
1302 2257 1383 2333 quod
1407 2258 1455 2317 bic

124 2375 186 2416 non
207 2354 327 2416 additur
345 2348 495 2424 ‘Petusium
532 2355 644 2415 Eadem
667 2354 870 2433 appellatione
891 2355 1055 2438 στρατηγοῦ
1072 2345 1184 2413 ὑπάτου
1202 2348 1344 2424 Ῥωμαίων
1367 2359 1458 2419 utitur

125 2460 319 2538 magistratus
348 2458 374 2518 is
400 2457 451 2535 qui
478 2457 638 2535 epistulam
666 2457 704 2514 ad
733 2455 930 2515 Heracleotae
953 2455 1061 2516 Cariae
1090 2457 1170 2515 dedit
1197 2459 1338 2518 insertam
1368 2471 1398 2520 et
1424 2461 1455 2520 in

127 2559 162 2621 C.
178 2560 203 2620 l.
219 2557 276 2620 Gr.
298 2579 327 2619 n.
344 2559 425 2620 3800
447 2567 477 2618 et
497 2559 617 2636 plenius
639 2560 671 2617 in
687 2557 826 2636 syllogen
840 2557 962 2618 Lebaaii
984 2566 1014 2616 et
1028 2558 1255 2636 Waddiugtonii
1270 2560 1319 2619 111
1339 2581 1368 2620 n.
1384 2562 1456 2636 588,

125 2662 212 2722 cuius
234 2679 415 2738 quamquam
437 2679 546 2720 nomeu
568 2660 666 2736 periit,
688 2679 756 2719 eum
778 2659 872 2719 luisse
887 2658 942 2720 Cu.
958 2660 1104 2720 Manlium
1117 2659 1281 2721 Volsonem
1303 2664 1457 2724 consulem

125 2783 152 2822 a.
169 2762 231 2824 565
259 2762 420 2822 Henaeuus
448 2763 479 2821 in
506 2781 575 2820 ann.
603 2761 673 2820 inst.
699 2759 778 2820 1852
804 2782 834 2840 p.
854 2762 913 2820 140
924 2779 986 2838 seq.
1014 2761 1207 2840 probabiliter
1234 2765 1362 2824 coniecit
1388 2785 1457 2844 pro-

126 2866 215 2924 bante
230 2866 319 2926 etiam
332 2864 573 2942 Waddingtonio.
607 2861 793 2937 Quibuscum
809 2865 860 2922 ubi
874 2864 1081 2941 componimus
1097 2851 1215 2924 titulum
1230 2867 1361 2926 eiusdem
1377 2877 1457 2928 aeta·

126 2969 175 3040 tis,
197 2986 305 3045 nempe
320 2967 390 3026 anni
406 2966 463 3025 561
488 2964 538 3041 ((1.
550 2965 575 3023 1.
589 2963 643 3024 Gr.
660 2985 689 3023 n.
702 2964 808 3040 3045),
830 2965 860 3023 in
876 2983 935 3040 quo
949 2963 990 3024 M.
1002 2963 1141 3024 Valerius
1156 2976 1276 3042 praetor
1290 2969 1458 3046 appellatur

127 3061 298 3152 στρατηγός,
320 3068 389 3126 inde
411 3068 588 3145 colligemus
606 3065 739 3126 Graecos
761 3067 792 3124 in
814 3066 1036 3143 magistratibus
1058 3068 1222 3126 maioribus
1239 3068 1383 3128 Romanis
1405 3090 1456 3148 ap·

126 3170 276 3248 pellendis
291 3170 437 3229 voeabula
457 3170 645 3248 expressisse
667 3167 814 3245 praetoris
836 3167 961 3225 maximi
980 3174 1009 3226 et
1023 3169 1181 3244 praetoris,
1204 3186 1264 3226 non
1278 3171 1413 3230 consulis
1427 3181 1458 3230 et

127 3273 284 3350 praetoris,
299 3273 363 3331 sive
377 3270 459 3348 quod
473 3272 608 3331 consulis
623 3270 786 3348 appellatio
800 3269 852 3328 vix
866 3277 966 3346 potest
978 3270 1099 3347 proprie
1110 3267 1227 3330 Graece
1241 3270 1317 3329 verti
1328 3271 1366 3346 ¹),
1382 3272 1456 3344 sive,

127 3374 157 3432 id
178 3373 262 3451 quod
284 3374 380 3451 magis
402 3373 589 3444 crediderim,
611 3372 690 3449 quod
711 3371 907 3430 formularum
930 3368 1114 3431 Graecarum
1136 3371 1222 3448 origo
1243 3371 1398 3432 adscendit
1417 3353 1457 3431 ad

128 3475 159 3536 id
188 3486 323 3553 tempus,
352 3493 412 3551 quo
439 3475 570 3535 consulis
593 3473 754 3552 appellatio
776 3472 908 3549 vulgaris
931 3472 1027 3550 magis
1049 3473 1105 3531 luit
1125 3490 1215 3548 quam
1237 3474 1401 3534 sollemnis.
1417 3507 1455 3518 —

128 3576 247 3637 Deinde
275 3595 344 3638 cum
370 3577 524 3636 brevitatis
551 3595 654 3650 causa,
680 3585 743 3635 tum
769 3582 802 3633 ut
822 3574 961 3633 consules
983 3582 1196 3652 praetoresque
1218 3577 1329 3636 certius
1352 3577 1457 3638 distin·

128 3688 299 3756 querentur,
325 3680 356 3737 in
382 3687 518 3756 praetore
545 3678 677 3736 maximo
704 3677 924 3738 substantivum
951 3676 1047 3736 omitti
1073 3686 1209 3755 coeptum
1237 3687 1284 3737 est
1310 3678 1456 3738 adiectivo

129 3782 195 3842 solo
222 3789 347 3840 retento.
392 3779 545 3842 Brevioris
573 3781 638 3838 eius
664 3779 826 3839 locutionis
853 3779 883 3837 in
905 3778 995 3838 editis
1017 3778 1113 3838 titulis
1135 3795 1194 3838 non
1217 3781 1335 3857 repperi
1356 3799 1456 3840 exem-

130 3883 212 3960 plum
239 3883 392 3959 antiquius
420 3882 573 3961 lapidibus
599 3881 737 3941 miliariis
763 3880 896 3940 consulis
923 3899 949 3938 s.
967 3899 996 3938 u.
1011 3897 1036 3939 e.
1054 3879 1114 3938 615
1139 3879 1342 3958 M.’Aqui11ii
1367 3884 1459 3943 roll

130 4003 158 4043 u.
175 3983 236 4046 557
254 4008 291 4035 =
308 3983 366 4056 111,
382 3985 453 4045 479.
470 3984 560 4058 6093,
584 4003 637 4042 nec
659 3984 828 4062 repperisse
850 4000 883 4042 se
906 3981 1026 4058 scripsit
1040 3981 1077 4040 ad
1091 4002 1138 4042 me
1154 3983 1354 4058 peritissimus
1370 3985 1457 4044 huius

130 4085 306 4164 provinciae
326 4085 538 4164 epigrapbicae
559 4085 733 4162 explorator
747 4082 969 4160 Dittenberger.
1005 4082 1153 4142 ineditum
1168 4093 1267 4144 autem
1283 4085 1379 4145 adbuc
1394 4086 1459 4162 pul-

130 4188 371 4263 cherrimumque
385 4196 618 4259 monumentum,
641 4203 701 4262 quo
719 4186 823 4244 consul
845 4204 872 4244 a.
889 4185 949 4244 584
971 4185 1009 4242 Α.
1025 4183 1176 4243 Hostilius
1191 4177 1300 4246 ὕπατος
1313 4185 1391 4244 nude
1406 4203 1458 4262 ap-

128 4289 271 4366 pellatur,
296 4289 469 4366 propediem
496 4289 634 4347 ostendet
659 4306 725 4345 eam
751 4284 994 4344 consuetudinem
1021 4294 1089 4343 ante
1114 4285 1173 4342 iam
1195 4285 1329 4361 coepisse
1349 4285 1460 4346 indes

129 4389 253 4450 saeculo
275 4391 358 4449 urbis
380 4399 468 4450 sexto
490 4397 626 4450 exeunte.
642 4421 682 4432 -
705 4385 831 4447 Saeculo
853 4387 980 4464 septimo
1002 4386 1120 4462 plenior
1141 4383 1302 4462 appellatio
1324 4389 1458 4446 rarescit.

130 4490 227 4550 Adest
254 4491 374 4568 quidem
400 4493 432 4552 in
457 4491 546 4551 titulo
568 4490 714 4550 Thebano
740 4487 833 4564 (Keil
859 4486 927 4564 syll.
949 4487 1038 4546 inser.
1061 4485 1165 4544 Boeot.
1193 4506 1221 4563 p.
1241 4485 1300 4562 83)
1327 4487 1459 4547 consulis

130 4612 159 4652 a.
173 4592 249 4653 6082
273 4584 421 4672 [AJsdmcc
442 4585 569 4661 Μέμμιος
582 4583 699 4649 Λευκίου
724 4583 914 4673 [α’]τριοτηγδς
934 4579 1061 4668 duaque
1080 4579 1236 4665 Ῥω]μαι’ων
1257 4590 1315 4650 τοῖς
1335 4583 1458 4666 8ε[οῒς],

130 4695 202 4753 item
230 4695 263 4754 in
291 4691 394 4755 Samio
423 4713 476 4768 eo,
509 4713 598 4771 quem
627 4711 721 4770 supra
749 4691 920 4762 attulimus,
956 4707 981 4748 a.
1004 4686 1105 4766 619²)
1135 4695 1165 4746 et
1192 4689 1272 4765 apud
1299 4689 1460 4766 Polybium

209 4885 233 4950 ι)
261 4887 387 4940 Consules
406 4897 506 4940 vertare
529 4875 689 4955 συμβοιῖλουο
706 4886 849 4951 Dionysius
867 4885 972 4950 quidem
990 4884 1088 4949 potuit,
1112 4896 1165 4934 uon
1183 4885 1267 4948 potuit
1285 4883 1398 4937 Graecia
1415 4899 1460 4934 au·

131 4981 150 5030 d
203 5015 210 5030 .

151 4995 234 5134 ψ’)
263 5072 331 5124 Vide
356 5087 381 5137 p.
403 5072 485 5124 156·
506 5073 561 5138 Ipsi
584 5069 790 5136 Waddingtonio
814 5075 906 5133 postea
926 5065 971 5129 (ad
996 5082 1021 5118 n.
1041 5065 1105 5130 oss>
1131 5067 1158 5117 ln
1184 5073 1295 5118 menum
1318 5065 1390 5119 venit
1412 5081 1460 5130 pro

131 5155 310 5231 ΣιῙιλλιτῖνιι
333 5149 439 5231 dieasse
462 5165 541 5216 stiam
562 5163 613 5230 legi
638 5177 726 5229 posse,
751 5158 821 5225 quod
846 5157 962 5224 suppleri
985 5172 1047 5224 ego,
1072 5146 1224 5229 οτ[ρατηγο“ς
1246 5145 1368 5228 6]ιιιιτος;
1396 5155 1461 5206 illud

133 5263 221 5306 tamea
240 5254 446 5322 supplementum
465 5257 572 5308 retinuit
589 5263 695 5321 propter
713 5265 744 5305 so
762 5266 828 5318 quse
846 5264 908 5302 mox
928 5251 1117 5304 indicabuntur.
