3582 5956
314 483 385 557 156
664 497 964 551 1000100000
982 498 1034 551 sn
1052 498 1157 553 rssr.
1177 497 1281 552 cous.

309 675 384 735 liore
408 673 604 754 praenomina
628 674 824 746 invertantur,
850 689 917 731 cum
942 671 1119 749 praesertim
1146 668 1184 746 Q.
1206 670 1397 732 Nobiliorem
1421 671 1463 730 M.
1491 670 1512 728 l.
1540 671 1645 730 nium-

309 776 406 836 000οι
433 775 582 835 coloniam
604 772 766 833 deduxisse
788 771 896 833 Cicero
918 772 1002 832 Brut.
1025 771 1079 845 20,
1095 773 1134 832 79
1157 781 1263 833 auctor
1283 772 1336 849 sit)
1358 805 1401 817 -
1421 771 1590 851 legationes
1611 773 1644 832 in

309 877 517 938 Mceeumicm
539 895 566 935 0.
582 875 643 936 583
665 874 746 952 (Liv.
763 874 813 946 43,
831 875 857 947 l,
876 873 927 933 12:
950 874 992 933 M.
1006 873 1148 951 Fulvius)
1170 883 1199 933 et
1218 893 1245 933 0.
1262 874 1322 934 584
1345 872 1428 949 (Lir.
1444 874 1494 946 43,
1513 874 1562 944 ll,
1578 872 1622 950 2).
1679 885 1688 900 ·

317 1027 320 1032 .
394 979 423 1037 7.
466 976 616 1038 Censores
642 997 670 1036 0.
686 975 747 1034 580
775 972 812 1050 Q.
835 975 977 1035 Fulvium
998 974 1142 1036 Flaccum
1168 983 1199 1034 et
1223 975 1261 1034 A.
1283 975 1475 1035 Postumium
1496 973 1643 1034 Albinum

310 1100 327 1139 0
354 1089 460 1140 000010
485 1079 619 1138 movisse
643 1077 726 1136 illius
752 1077 873 1137 fratrem
900 1094 1075 1154 germanum
1099 1084 1130 1136 et
1150 1084 1319 1138 consortem
1342 1085 1478 1136 auctores
1500 1087 1571 1135 sunt
1593 1074 1643 1134 Li·

309 1181 377 1240 vius
397 1182 448 1254 41,
468 1178 517 1253 27,
539 1177 556 1237 2
585 1186 615 1240 et
640 1178 774 1239 Velleius
795 1180 821 1252 l,
845 1178 881 1236 10
908 1179 941 1238 10
968 1179 1163 1255 praenomine
1191 1178 1281 1238 buius
1309 1178 1539 1248 dissentientem
1571 1195 1642 1235 nam

310 1279 449 1342 Gnaeum
475 1281 608 1359 appellat
629 1278 780 1352 Velleius,
807 1278 933 1339 Lucium
959 1278 1074 1338 Livius.
1118 1278 1194 1340 Uter
1216 1280 1337 1352 errarit,
1363 1279 1556 1339 determiriari
1581 1295 1642 1337 uon

309 1390 418 1461 potest,
444 1401 624 1459 quamquam
638 1380 754 1441 Velleio
776 1381 870 1454 lavet,
892 1381 974 1459 quod
995 1399 1177 1458 praenomen
1197 1379 1285 1441 Lucii
1307 1389 1463 1457 praeterea
1483 1398 1502 1438 0
1523 1378 1642 1439 Fulviis

308 1483 428 1544 Flaccis
451 1484 580 1543 alienum
602 1491 659 1542 est.
702 1480 750 1542 ct.
773 1483 845 1541 item
867 1499 943 1558 0000
964 1481 1096 1542 diximus
1119 1481 1158 1542 ad
1179 1501 1206 1541 0
1226 1482 1255 1541 3.

393 1584 421 1643 8.
465 1583 668 1644 Praenomina
686 1584 781 1660 patris
803 1585 912 1660 avique
933 1590 1095 1661 supersunt
1115 1584 1145 1642 10
1166 1584 1264 1643 100110.
1300 1583 1341 1642 M.
1362 1582 1489 1642 Fulvius
1508 1581 1639 1642 Flaccus

189 1765 191 1772 y
309 1685 414 1744 aedilis
428 1685 526 1763 plebis
544 1703 571 1743 0.
585 1685 644 1745 565
667 1684 747 1761 (Liv.
765 1685 815 1756 38,
831 1685 880 1756 35,
897 1683 940 1760 6),
962 1691 1083 1762 praetor
1102 1703 1129 1743 a.
1147 1684 1207 1745 567
1230 1683 1310 1762 (niv.
1327 1685 1377 1756 38,
1391 1683 1443 1756 48,
1458 1685 1487 1742 4.
1504 1683 1538 1760 6)
1560 1682 1640 1743 idem

309 1787 426 1846 ridetur
447 1803 529 1859 esse,
551 1804 611 1844 non
634 1787 674 1845 M.
697 1785 825 1845 Fulvius
848 1783 886 1859 Q.
909 1785 946 1857 1.,
968 1802 1035 1844 cum
1056 1786 1108 1863 qui
1130 1787 1213 1862 prior
1234 1786 1273 1844 ad
1295 1785 1482 1845 consulatum
1503 1786 1641 1863 pervenit

308 1888 432 1947 eundem
453 1888 609 1966 probabile
631 1887 672 1947 sit
692 1887 783 1946 etiam
803 1887 935 1963 reliquos
956 1888 1086 1946 bonores
1107 1888 1208 1965 priore
1229 1894 1362 1963 tempore
1383 1888 1507 1965 cepisse.
1566 1947 1570 1952 .

392 1990 420 2049 9.
463 1989 572 2048 Frater
595 1987 630 2059 Q.
655 1989 752 2047 1011011
773 1989 905 2062 00000110
927 2007 955 2047 0.
971 1989 1033 2047 574
1052 1989 1100 2047 'M
1122 1988 1245 2048 Fbtctuc
1267 1988 1404 2048 Nobilior
1423 1988 1563 2048 tribunus
1585 1989 1638 2047 mi·

306 2089 393 2150 litum
414 2108 494 2150 anno
515 2091 619 2150 eodem
641 2099 889 2149 commemoratur
909 2090 991 2168 apud
1005 2087 1126 2148 Livium
1141 2090 1191 2163 40,
1206 2089 1258 2162 41,
1273 2090 1302 2160 7,
1324 2090 1377 2149 ubi
1397 2090 1495 2169 magis
1516 2091 1549 2148 in
1568 2107 1638 2167 cog·

306 2193 428 2251 nomine
449 2199 578 2252 erratum
600 2208 668 2251 csse
683 2191 860 2250 crediderim
875 2209 965 2267 quam
980 2191 1151 2267 adoptionis
1165 2189 1230 2250 iure
1245 2191 1380 2251 Marcum
1394 2192 1473 2250 bunc
1487 2209 1506 2249 a
1520 2190 1638 2251 Flaccis

306 2291 346 2352 ad
366 2292 540 2354 Nobiliorcs
565 2293 729 2353 transiisse.
772 2292 914 2353 Valerius
939 2293 1093 2353 Maximus
1116 2291 1150 2363 2,
1166 2292 1195 2364 7,
1215 2291 1233 2350 5
1262 2301 1293 2350 01
1319 2293 1371 2368 001
1398 2311 1466 2352 000
1494 2292 1639 2370 expilavit

306 2392 471 2455 Frontinus
489 2404 574 2456 strat.
591 2395 621 2466 4,
638 2397 665 2468 1,
681 2393 731 2467 38,
753 2411 821 2453 cum
843 2394 994 2454 tribunum
1016 2413 1043 2452 0.
1059 2393 1119 2454 574
1141 2411 1161 2451 0
1182 2411 1308 2453 censore
1329 2413 1356 2452 a.
1372 2393 1432 2453 580
1454 2405 1559 2454 senatu
1573 2411 1637 2452 mc-

305 2504 368 2554 tum
391 2512 458 2555 esse
480 2496 627 2568 scribant,
648 2494 844 2555 confuderunt
864 2495 953 2555 binos
975 2492 1105 2569 Quintus
1127 2501 1157 2553 ct
1177 2494 1296 2554 Marcus
1318 2493 1443 2556 8010100
1466 2491 1504 2568 Q.
1527 2501 1557 2553 et
1579 2492 1636 2554 Cn.

305 2594 396 2655 tilios.
439 2594 579 2657 Ceterum
605 2597 665 2656 iam
691 2596 824 2656 diximum
851 2596 904 2672 (ad
929 2614 959 2655 0.
981 2595 1014 2673 6)
1042 2597 1080 2656 de
1106 2596 1217 2655 Marcis
1243 2614 1321 2673 quae
1347 2596 1504 2656 medentur
1528 2615 1637 2675 purum

306 2695 497 2758 determinari
517 2715 619 2774 posse,
642 2698 680 2757 ad
701 2707 802 2757 utrum
823 2717 927 2758 eorum
949 2705 1092 2774 spectent.

392 2798 440 2857 10.
476 2795 586 2858 Gaium
606 2800 685 2860 hunc
705 2799 862 2876 requirunt
882 2807 971 2858 notae
991 2798 1054 2858 8110
1076 2798 1244 2876 adscriptae
1260 2797 1453 2858 iniustorum
1467 2799 1637 2876 fragmento

304 2916 409 2959 recens
430 2906 558 2977 reperto.

389 3002 437 3060 ll.
472 3000 511 3060 In
524 3002 783 3062 senatusconsulto
797 3003 834 3062 de
848 2967 1062 3074 Prienensibus
1077 3010 1107 3061 01
1120 2999 1230 3064 Samiis
1240 3002 1315 3061 anni
1329 2999 1388 3061 619
1404 3001 1524 3078 expleto
1539 3019 1635 3078 nuper

304 3120 323 3160 a
347 3099 478 3164 Lebasio
505 3102 579 3181 (vol.
595 3104 643 3164 III
664 3123 693 3163 n.
715 3102 898 3181 195-138)
924 3105 1030 3164 consul
1054 3105 1183 3182 primum
1209 3102 1317 3162 dicitur
1342 3092 1471 3187 Σίρουιοσ
1498 3093 1635 3162 0110000

302 3195 419 3261 Κοίντου
439 3197 498 3266 vido
516 3199 694 3289 wstoerapdc
707 3198 844 3283 ἥπατος,
865 3223 937 3264 mox
952 3195 1097 3289 [Σέρουιος
1110 3195 1261 3282 Uolicanus
1276 3196 1391 3262 Κοίντου
1406 3195 1521 3266 duceres·
1557 3201 1636 3284 Sup-

301 3303 467 3382 plementc,
489 3305 571 3383 quod
592 3306 751 3384 proposuit
769 3307 975 3384 Waddiugton
997 3297 1201 3386 Στ[ιλλατι’να,
1222 3297 1344 3386 dJncrcc
1365 3306 1478 3378 obstat,
1499 3305 1582 3383 quod
1602 3307 1636 3366 10

300 3406 506 3468 instrumentis
532 3407 658 3486 publicis
685 3409 913 3487 magistratuum
938 3408 1109 3468 nominibus
1135 3427 1296 3485 numquam
1323 3407 1402 3485 quud
1423 3409 1514 3467 sciam
1537 3409 1635 3469 tribus

302 3508 491 3582 adscribitur,
513 3508 550 3569 de
573 3509 781 3587 supplemento
803 3527 895 3586 supra
910 3509 1022 3586 scripto
1035 3509 1115 3568 iufra
1135 3508 1179 3587 (p.
1196 3508 1255 3569 223
1264 3510 1343 3587 seq.)
1363 3509 1488 3569 dicetur.
1501 3541 1544 3554 —
1566 3507 1633 3572 Ser.

300 3608 442 3670 Fulvium
465 3612 619 3671 consulem
640 3630 668 3669 a
684 3611 744 3670 619
768 3609 872 3685 Quinti
893 3611 988 3670 lilium
1012 3610 1107 3670 luisse
1133 3629 1201 3670 cum
1223 3611 1519 3682 senatusconsultum
1541 3613 1633 3672 modo

300 3711 454 3770 laudatum
481 3711 630 3784 docuerit,
659 3711 862 3788 quaerendum
890 3719 1041 3789 superest,
1068 3720 1167 3771 utrum
1195 3712 1285 3771 luerit
1309 3712 1389 3773 81100
1413 3709 1519 3786 Quinti
1542 3710 1581 3788 Q.
1610 3715 1633 3774 f.

301 3811 436 3871 consulis
458 3831 486 3870 0.
502 3813 563 3872 575
585 3831 624 3870 an
646 3811 753 3888 Quinti
774 3811 829 3874 00.
852 3813 874 3872 f.
897 3813 1029 3873 consulis
1050 3832 1077 3872 0.
1094 3813 1164 3873 574.
1200 3813 1291 3873 Illum
1312 3812 1420 3873 Livius
1442 3812 1508 3889 (42,
1524 3813 1575 3888 28,
1594 3815 1629 3874 12

301 3912 414 3971 collato
433 3911 502 3971 Vel.
523 3913 607 3972 Max.
630 3915 657 3986 l,
675 3916 701 3987 1,
718 3913 771 3992 80)
799 3915 903 3974 scribit
923 3914 1033 3992 laqueo
1055 3915 1147 3974 vitam
1169 3913 1431 3980 801010000588
1451 3915 1559 3976 nuntio
1581 3933 1631 3976 00·

300 4019 387 4091 ceptu
409 4031 448 4072 ex
463 4014 580 4076 duobus
594 4014 673 4088 filiis,
695 4015 746 4091 001
759 4023 822 4074 tum
835 4015 868 4074 in
881 4015 1005 4092 Illyrico
1020 4015 1192 4088 militarent,
1215 4015 1343 4075 alterum
1356 4015 1535 4090 decessisse,
1557 4017 1631 4077 slte-

298 4132 366 4174 rum
387 4116 472 4193 gravi
487 4116 592 4175 morbo
606 4133 728 4194 aegrum
741 4133 819 4177 esse.
855 4115 916 4176 Hic
929 4116 1091 4192 quominus
1109 4117 1136 4178 is
1156 4118 1198 4177 sit
1217 4116 1269 4195 001
1283 4117 1382 4178 fasces
1397 4116 1492 4196 gessit
1512 4137 1540 4178 a
1556 4117 1629 4190 613,

297 4225 378 4277 certe
398 4215 474 4277 nihil
493 4216 604 4278 obstat.
774 4285 779 4296 ,
1314 4213 1317 4218 ¹

383 4317 431 4377 18.
456 4318 503 4377 13.
546 4318 671 4377 Patr-um
692 4334 875 4396 avorumque
897 4319 1020 4379 nomina
1040 4319 1234 4398 suppeditant
1254 4321 1326 4380 lasti
1347 4319 1522 4399 0001101101.

383 4419 561 4506 141516.
605 4419 759 4479 Plutarch.
782 4417 817 4480 0.
841 4416 970 4481 Graccb.
989 4419 1037 4480 16.
1055 4420 1102 4480 17.
1143 4418 1249 4482 Cicero
1270 4422 1302 4480 in
1324 4419 1391 4482 Cat.
1408 4422 1438 4495 4,
1453 4420 1484 4493 6,
1501 4421 1539 4482 13
1560 4437 1628 4482 cum

298 4517 389 4578 schol.
414 4515 546 4580 Gronov.
590 4519 721 4600 Philipp.
737 4520 811 4594 8,4,
828 4522 876 4581 14.
1462 4519 1468 4532 '

1326 4657 1386 4719 Tu.
1409 4657 1585 4721 11000000.
