3546 5950
393 600 463 670 102
951 613 1150 666 wmttartus

389 798 420 848 et
440 790 478 847 33
506 796 574 848 ante
598 789 830 864 praefecturam,
859 807 886 844 n.
909 787 948 846 28
971 797 1001 846 ct
1020 789 1059 846 35
1087 793 1158 864 post
1183 803 1249 844 eam
1275 785 1385 844 tribuni
1409 783 1517 842 urbani
1541 783 1605 840 facti
1627 795 1682 842 snut.

388 890 494 966 Itaque
521 907 587 948 cum
616 891 785 948 tribunatus
814 888 863 946 vel
891 897 960 947 ante
989 889 1035 946 vel
1054 897 1134 965 post
1159 886 1377 964 praefecturam
1405 886 1613 961 suscipiantur,
1637 905 1684 942 esu

390 991 469 1048 inter
490 991 613 1049 militias
636 997 789 1066 equestres
811 999 923 1048 certum
945 989 1044 1050 locum
1066 990 1187 1048 omnino
1209 1006 1268 1047 non
1290 987 1432 1048 habuisse
1454 987 1631 1046 manifestum
1645 997 1684 1054 est,

389 1091 535 1168 dignitate
562 1101 661 1151 autem
687 1093 750 1151 fere
777 1111 879 1169 parem
905 1067 995 1150 fuisse
1018 1089 1218 1149 tribunatibus
1239 1091 1361 1150 urbanis
1381 1091 1433 1166 qui
1455 1089 1584 1147 omnium
1604 1087 1684 1146 summi
1737 1109 1738 1122 .

390 1192 517 1251 fuerunt.
552 1193 695 1252 Emeritis
718 1194 874 1270 stipendiis
896 1192 1037 1270 praefecti
1058 1192 1185 1268 legionis
1206 1191 1381 1269 plerumque
1402 1191 1432 1250 in
1455 1191 1599 1266 privatam
1618 1188 1684 1246 sitan

389 1293 515 1352 rediisse
536 1294 688 1367 videntum
716 1304 927 1372 procuraturus
949 1294 970 1352 ii
993 1302 1106 1352 tantum
1129 1299 1321 1370 acceperant,
1346 1293 1396 1369 qai
1418 1292 1543 1351 militias
1563 1299 1685 1366 equestres

389 1394 522 1453 fecerant
542 1396 586 1472 (n.
603 1395 631 1455 8.
653 1396 702 1455 28.
723 1397 773 1456 33.
795 1397 857 1474 35).
902 1395 1085 1457 Sacerdotiis
1112 1404 1257 1454 ornantur
1281 1394 1395 1453 ordinis
1417 1393 1565 1470 equestris
1583 1392 1686 1450 Laurea·

390 1498 454 1553 tino
475 1505 506 1554 et
523 1498 678 1556 flaminata
693 1499 820 1557 luculari
842 1497 886 1574 (ιι.
904 1498 965 1573 15).
1003 1497 1167 1556 Ducanarii
1179 1495 1319 1556 dicuutur
1339 1514 1368 1553 ιι.
1384 1495 1403 1554 8
1417 1504 1449 1554 et
1467 1496 1515 1568 14,
1536 1495 1589 1552 viri
1601 1491 1685 1569 egregii

391 1617 420 1654 n.
439 1598 486 1654 14.
506 1597 552 1656 15.
569 1597 619 1655 2l.
635 1597 684 1657 22.
702 1599 751 1656 25.

474 1697 545 1756 Una
565 1717 632 1756 cum
653 1699 753 1776 legato
775 1699 902 1774 legionis
923 1699 1092 1775 praefectus
1112 1697 1241 1774 legionis
1258 1705 1509 1757 commemoratur
1530 1717 1557 1755 n.
1570 1695 1613 1764 ll,
1631 1693 1686 1751 uude

392 1817 460 1856 eum
486 1798 572 1878 iuxta
597 1799 726 1876 legatum
753 1801 853 1858 locum
881 1818 967 1858 suurn
989 1801 1133 1857 habuisse
1154 1807 1267 1858 eertum
1288 1807 1342 1858 est.
1384 1799 1452 1858 Iam
1475 1816 1541 1856 cum
1563 1795 1686 1856 Gallienus
1739 1807 1740 1816 ¹

392 1897 529 1957 homiues
557 1901 672 1961 ordinis
699 1903 842 1960 senatorii
867 1901 1047 1960 militaribus
1073 1901 1239 1962 honoribus
1267 1900 1350 1976 fungi
1378 1897 1686 1974 vestimentumque

391 1999 508 2075 legates
535 2002 663 2078 legionis
688 2003 875 2074 sustulisset,
901 2003 980 2061 vices
1006 2002 1172 2079 legatorum
1198 2010 1396 2078 susceperunt
1414 1999 1575 2078 praefecti,
1597 1999 1687 2057 andes

392 2099 525 2161 Gallieni
546 2111 645 2163 aetate
666 2113 757 2180 utque
779 2105 816 2163 ad
835 2104 1058 2162 Diocletianum
1081 2106 1201 2182 saepias
1223 2103 1361 2162 dicuntur
1382 2113 1507 2179 agentes
1528 2102 1602 2160 vices
1620 2098 1685 2175 legati

391 2200 435 2277 (n.
455 2202 491 2261 18
514 2223 541 2262 a.
558 2203 629 2277 267,
650 2225 679 2263 ιι.
696 2205 736 2263 20
758 2224 785 2264 a.
802 2205 873 2279 269,
894 2224 923 2264 ιι.
940 2205 978 2263 21
1002 2223 1029 2262 a.
1046 2203 1131 2280 284).
1168 2205 1218 2264 Ad
1237 2203 1318 2262 idem
1339 2213 1439 2262 autem
1462 2213 1578 2281 tempus
1596 2202 1686 2276 idque

391 2320 450 2378 que
479 2307 627 2380 pertinere
654 2307 783 2379 videtur,
809 2308 891 2383 quod
917 2306 1010 2366 tradit
1028 2307 1189 2383 Vegetius,
1218 2307 1385 2382 praefectos
1413 2304 1563 2364 interdum
1588 2303 1686 2362 sicarios

391 2403 486 2462 fuisse
507 2406 674 2482 legatorum
696 2408 882 2484 provinciam
903 2408 993 2468 huius
1015 2409 1095 2466 enim
1115 2408 1178 2467 fere
1198 2408 1305 2466 aetatis
1326 2417 1373 2467 est
1393 2406 1500 2466 titulus
1522 2427 1550 2465 ιι.
1566 2403 1610 2462 29.

476 2505 630 2568 Officiales
682 2517 953 2568 commemorantur
1004 2490 1241 2583 cornicularius,
1294 2508 1457 2580 librarius,
1514 2504 1686 2566 beneficiarius

392 2603 435 2680 (n.
451 2606 597 2684 38-41).

475 2705 524 2765 De
546 2712 718 2773 muneribus
738 2713 814 2771 haec
835 2712 923 2772 docet
936 2711 1082 2789 Vegetius
1097 2711 1141 2788 (2,
1155 2711 1203 2789 9)r
1222 2714 1361 2788 proprius
1379 2711 1466 2769 iudas
1480 2720 1541 2770 crat
1556 2711 1687 2786 praefatus

392 2807 512 2882 legionis
533 2841 575 2852 —
591 2845 629 2855 -
651 2813 757 2872 aibant
777 2814 822 2873 acl
843 2818 1018 2873 emissiones
1040 2817 1179 2890 essemque
1199 2815 1301 2873 milites
1320 2816 1380 2872 eius
1390 2808 1686 2889 praecepissemus-

399 2907 570 2983 Vipr'liarum
596 2916 655 2973 sias
671 2917 859 2991 profectionis
882 2924 989 2974 tessera
1011 2915 1046 2974 ab
1069 2917 1163 2975 eadam
1180 2915 1337 2992 petebatur.
1381 2912 1520 2974 Similes
1540 2917 1631 2972 crinea
1648 2909 1687 2965 cli·

392 3011 470 3084 qrsacl
495 3017 687 3085 commisisset,
717 3020 886 3076 sustentata
907 3017 1048 3093 praefacti
1068 3016 1187 3093 legionis
1208 3035 1228 3074 a
1250 3017 1360 3074 tribuas
1382 3015 1572 3091 &putabatur
1590 3014 1625 3070 ad
1637 3027 1688 3086 par·

390 3127 468 3169 sans.
511 3113 605 3172 Arma
633 3119 754 3175 asaiam
782 3118 916 3188 militam,
945 3121 1010 3177 item
1035 3121 1101 3194 equi
1118 3127 1207 3177 aesta
1228 3135 1343 3175 aanaua
1363 3118 1406 3175 ad
1424 3135 1524 3175 curam
1544 3118 1626 3192 ipsius
1640 3127 1688 3187 ptr·

392 3211 524 3273 tinebant
567 3215 749 3294 Disapliaas
770 3222 923 3290 statutas,
952 3222 1188 3278 massaricios
1211 3218 1444 3292 solumpeditam
1466 3218 1615 3277 sedetiam
1632 3212 1688 3288 equi·
1743 3249 1744 3300 f

392 3319 451 3369 tum
472 3313 691 3390 legionariorum
707 3329 863 3394 marsupia
885 3323 944 3379 sius
966 3323 1065 3380 cotidie
1084 3320 1248 3380 curabatur.
1284 3320 1355 3396 Ipse
1374 3329 1467 3378 auam
1487 3321 1576 3378 iustus
1595 3315 1689 3390 didym

392 3412 503 3474 sobrius
525 3413 659 3491 legionem
679 3418 736 3476 sibi
756 3422 892 3479 creditam
912 3423 1046 3481 adsiduis
1066 3421 1198 3498 operibus
1219 3421 1260 3480 ad
1279 3439 1384 3480 amnem
1406 3422 1585 3490 dacum,
1605 3417 1689 3474 udas·

391 3530 454 3571 ιιοιι
472 3517 623 3590 scrutabar
645 3520 832 3594 industriam,
859 3525 950 3580 scieas
977 3523 1018 3580 ad
1040 3524 1180 3599 praefacti
1207 3521 1320 3581 laudam
1348 3521 1532 3581 subiectorum
1559 3517 1690 3578 reanum

391 3616 530 3672 circatas.
572 3619 656 3678 Addi
681 3628 782 3698 potest
808 3639 899 3698 saepe
926 3622 1108 3697 praefectum
1134 3620 1261 3700 legionis
1288 3623 1426 3682 insistere
1451 3621 1591 3699 operibus
1614 3615 1689 3675 varios

393 3711 431 3772 ad
456 3731 531 3774 usas
557 3736 577 3775 a
597 3721 742 3780 militibus
763 3721 850 3782 factis
873 3722 1049 3797 (n.16.1t.
1069 3722 1118 3782 22.
1140 3720 1205 3799 23).
1249 3723 1339 3798 Quod
1361 3732 1458 3782 autem
1480 3723 1520 3781 ad
1540 3715 1688 3782 iurisdictiu

392 3830 461 3870 nem
481 3817 611 3889 pertinet
632 3822 793 3901 aVegetio
815 3832 1088 3896 commemoratam,
1109 3825 1166 3883 hoe
1187 3821 1303 3884 tantum
1325 3825 1444 3898 adnoto,
1466 3825 1506 3887 de
1525 3823 1615 3901 capite
1632 3815 1689 3878 mili·

394 3921 456 3971 tum
477 3926 558 3974 certo
578 3937 640 3978 non
660 3920 754 3983 fuisse
774 3925 918 3984 iudicium
939 3942 1031 4000 penes
1052 3925 1234 4000 praefectum
1255 3923 1432 4005 legionis²).

476 4015 561 4077 Haec
582 4021 634 4097 qui
656 4040 723 4084 cum
745 4025 789 4083 eis
811 4025 979 4097 contulerit,
1002 4043 1079 4101 quae
1101 4024 1139 4084 de
1159 4027 1347 4103 praefectura
1367 4036 1535 4086 castrorum
1556 4043 1637 4100 supra
1651 4035 1689 4078 ex·

392 4117 563 4192 posuimus,
590 4121 617 4180 ei
640 4142 700 4182 ιιοιι
721 4123 842 4183 dubiam
864 4127 921 4185 erit
941 4127 1057 4204 opinor,
1086 4127 1159 4204 quin
1179 4129 1365 4203 praefectura
1384 4119 1513 4206 legionis
1535 4127 1572 4185 ab
1591 4125 1637 4182 ills
1653 4135 1689 4178 no·

393 4217 472 4277 mine
499 4229 614 4280 tantam
641 4223 759 4284 diversa
784 4226 837 4298 sit3
866 4227 904 4284 ab
929 4227 1063 4286 eiusdem
1091 4228 1171 4286 enim
1200 4229 1319 4307 generis
1345 4229 1516 4288 homiuibus
1540 4237 1570 4286 et
1593 4227 1654 4284 hacc
1669 4223 1690 4278 el

393 4315 448 4375 illa
468 4323 642 4400 suscipitur,
669 4325 773 4386 eadem
800 4328 955 4403 utriusque
981 4335 1028 4387 est
1053 4329 1200 4407 dignitas,
1227 4329 1332 4389 eadem
1358 4347 1481 4389 munera
1506 4335 1586 4400 sant,
1610 4321 1689 4383 eodem

394 4416 522 4497 denique
547 4430 695 4501 tempore,
722 4444 782 4503 qao
808 4428 950 4504 praefecti
976 4439 1144 4489 castrorum
1165 4429 1196 4487 in
1218 4430 1313 4489 titulis
1335 4430 1445 4490 desinit
1464 4429 1587 4500 mentio,
1609 4421 1691 4498 incipit

394 4520 536 4591 praefecti
556 4523 717 4601 legionum.
752 4524 901 4600 Quattuor
922 4529 1000 4587 enim
1022 4529 1093 4588 illos
1115 4547 1192 4607 quos
1214 4532 1311 4606 primo
1332 4532 1400 4591 loco
1421 4531 1564 4590 collocari
1583 4547 1617 4586 ue
1635 4517 1690 4582 mihi

395 4627 539 4692 opponas.
575 4621 613 4683 L.
627 4626 809 4701 Memmium,
831 4629 883 4704 qui
905 4638 1047 4704 quaestor
1067 4639 1098 4689 et
1118 4629 1255 4690 tribunus
1275 4633 1372 4707 plebis
1393 4631 1451 4691 fuit
1472 4641 1566 4691 aetate
1583 4617 1689 4700 Augusti

395 4723 426 4774 et
451 4729 576 4779 vocatur
596 4728 758 4804 praefectus
784 4729 922 4805 aquaem
942 4728 1060 4790 XXVI
1078 4740 1104 4790 st
1121 4731 1189 4791 VII
1205 4732 1305 4792 Lucas
1326 4735 1368 4792 acl
1387 4751 1474 4810 apros
1495 4728 1657 4796 dividunda,
1676 4739 1690 4776 ³

396 4861 599 4877 m

473 4963 496 5026 ¹)
524 4967 591 5018 Aur.
605 4961 695 5022 Victor
717 4974 790 5026 Caes.
813 4977 862 5039 33,
882 4979 918 5030 34
941 4986 965 5030 et
985 4985 1072 5046 patres
1095 4978 1203 5046 quidem,
1228 4987 1332 5048 praeter
1354 4995 1476 5032 commune
1498 4975 1601 5030 Romu·
1619 4968 1689 5021 mall*

396 5052 477 5115 ortis,
501 5057 646 5110 cumulatas
663 5067 769 5131 proprii
791 5067 890 5118 ordinis
911 5069 1069 5134 caramuelis,
1096 5073 1157 5138 quia
1170 5073 1271 5139 primas
1287 5073 1342 5139 epse
1359 5049 1572 5124 mors‘socsrdtae
1587 5077 1647 5120 tuae,
1668 5069 1690 5104 Ν

396 5147 523 5214 imperium
541 5149 578 5200 ud
594 5153 700 5220 optimos
716 5155 835 5208 nobilium
853 5159 1040 5224 anteferretur,
1060 5171 1170 5213 sesama
1188 5163 1282 5214 militia
1300 5165 1383 5226 actui,
1404 5165 1477 5216 etiam
1493 5161 1563 5214 adue
1574 5153 1689 5210 mutili*-

472 5237 496 5300 ²)
523 5243 625 5295 Walter
643 5244 736 5296 Gesch.
756 5249 781 5298 d.
800 5249 876 5301 Rom.
895 5251 990 5304 Rechts
1009 5255 1024 5302 2
1045 5251 1138 5315 §stu
