3578 5962
324 603 397 674 988
896 621 1078 676 nrouusnn

322 787 430 856 Μάνιος
450 787 571 854 Ἀκίλιος
593 787 700 850 Μιινιόυ
724 789 782 855 aide
801 787 970 870 Ὀλτε[ινι’]α
993 813 1020 852 v.
1043 792 1072 851 4.
1116 791 1190 852 Fuit
1214 813 1250 853 ea
1270 801 1367 854 aetate
1388 795 1440 854 Μ’.
1463 796 1581 856 Acilius
1602 795 1651 857 Μ’.

363 898 384 956 f.
409 895 535 956 Glabrio
562 895 669 955 duovir
693 897 760 954 aedi
786 896 969 955 dedicandae
995 917 1022 955 a.
1045 895 1104 954 573
1133 894 1214 972 (Liv.
1235 895 1286 970 40,
1310 896 1374 972 34),
1397 898 1504 957 consul
1531 917 1560 956 a
1584 899 1650 958 600.

363 996 424 1060 Sed
445 999 520 1058 duos
542 1008 605 1057 tum
627 997 745 1057 Manios
768 999 883 1057 Acilios
906 997 999 1056 Manli
1021 997 1101 1056 lilios
1122 997 1154 1056 in
1175 1006 1281 1058 senatu
1302 997 1397 1058 fuisse
1418 1000 1577 1076 probabile
1598 1009 1651 1072 eet,

363 1121 431 1160 cum
453 1099 533 1177 quod
555 1119 609 1177 per
634 1119 671 1158 ea
691 1110 827 1177 tempora
851 1110 971 1178 praeter
994 1100 1110 1159 Acilius
1132 1097 1313 1159 Glabriones
1338 1100 1429 1160 etiam
1453 1101 1544 1160 scitii
1566 1100 1651 1161 Balbi

363 1203 527 1262 floruerunt
552 1210 581 1261 et
607 1202 665 1280 ipsi
691 1203 785 1261 Manii
810 1202 1004 1279 praenomine
1028 1219 1119 1278 saepe
1144 1201 1193 1261 usi
1221 1200 1269 1277 (ut
1295 1221 1321 1260 a.
1345 1201 1405 1262 604
1432 1203 1532 1264 tasees
1559 1202 1652 1281 gessit

363 1303 415 1363 M'.
437 1305 555 1363 Acilius
576 1303 612 1363 L.
627 1305 648 1364 f.
664 1304 790 1381 Balbus)
812 1311 874 1364 tum
896 1305 978 1381 quod
998 1304 1029 1362 iu
1050 1304 1109 1363 hoc
1130 1322 1190 1362 uuo
1211 1304 1332 1364 homine
1347 1305 1442 1363 tribus
1463 1304 1651 1376 adscribitur,

362 1415 435 1483 puto
458 1415 490 1466 ut
511 1427 565 1485 per
586 1426 650 1466 eam
673 1407 732 1466 duo
754 1406 887 1466 eiusdem
910 1406 1038 1466 nominis
1059 1405 1115 1465 viri
1138 1405 1376 1484 distinguantur,
1403 1405 1434 1464 id
1454 1407 1536 1483 quod
1563 1405 1651 1464 etiarn

362 1507 528 1568 Foucartus
556 1518 636 1568 reete
663 1508 819 1567 intellexit.
866 1507 943 1568 Uter
966 1508 1059 1586 igitur
1085 1507 1282 1586 significetur,
1311 1506 1435 1569 Glabrio
1463 1527 1502 1566 an
1528 1507 1651 1580 Balbus,

363 1610 505 1669 incertum
529 1620 585 1670 est.

321 1702 403 1772 Τίτος
424 1703 554 1779 Nealcae
575 1704 659 1769 Τίτου
682 1702 741 1772 υἱός
762 1731 790 1770 v.
812 1713 841 1771 5.
876 1711 959 1770 Idem
981 1721 1036 1786 est,
1059 1713 1111 1790 qui
1132 1711 1212 1791 apud
1226 1710 1348 1771 Livium
1369 1712 1421 1783 45,
1446 1711 1493 1784 17,
1516 1711 1534 1769 3
1559 1711 1653 1770 nomi·

362 1822 451 1872 natur
470 1812 547 1872 inter
561 1814 677 1892 legatos
697 1832 758 1872 non
773 1813 949 1873 consulares
965 1814 995 1873 in
1010 1813 1217 1874 Macedoniam
1232 1813 1341 1874 missos
1362 1832 1391 1872 a.
1407 1813 1466 1873 587
1481 1812 1521 1871 ad
1539 1829 1591 1872 rea
1611 1812 1652 1872 ibi

362 1915 543 1974 ordinandas
564 1915 602 1974 T.
625 1913 781 1975 Numisius
803 1914 1040 1992 Tarquiniensis.

319 2007 440 2078 llo‘rrleec
461 2015 584 2076 Μούκιος
607 2011 721 2075 Κοίντου
750 2009 810 2078 uio'c
835 2037 863 2076 v.
889 2019 936 2077 15.
979 2017 1169 2096 Intellegitur
1192 2017 1229 2077 P.
1258 2016 1378 2078 Mucius
1401 2014 1439 2090 Q.
1462 2015 1481 2073 Ι.
1505 2013 1650 2076 Scaevola

362 2119 467 2179 consul
488 2139 515 2178 a.
532 2120 603 2193 579,
623 2120 792 2179 consularis
807 2120 907 2198 igitur,
929 2138 989 2198 quo
1005 2128 1138 2198 tempore
1153 2120 1190 2179 de
1204 2119 1368 2180 Thisbaeis
1383 2126 1506 2178 senatus
1521 2119 1649 2178 decrerit

361 2229 391 2280 et
412 2231 571 2300 propterea
591 2223 688 2299 primo
709 2222 776 2282 loco
797 2222 968 2281 nominatus
988 2221 1065 2281 inter
1085 2240 1149 2295 eos,
1171 2221 1223 2300 qui
1238 2203 1398 2298 posteriori
1419 2221 1558 2282 consulto
1580 2221 1647 2282 scri·

361 2323 459 2383 bendo
481 2323 647 2384 adfuerunt.

320 2417 458 2509 ntdepner
479 2417 625 2488 Κλαύδιος
646 2417 784 2510 Μαᾶρκου
807 2417 865 2494 υἱός
886 2446 913 2485 V.
937 2427 984 2486 16.
1020 2424 1210 2506 Intellegitur
1231 2426 1273 2486 Μ.
1296 2423 1441 2486 Claudius
1464 2426 1504 2484 Μ.
1527 2425 1548 2484 s.
1571 2426 1647 2485 Mar·

361 2528 454 2588 cellus
480 2537 602 2606 praetor
628 2549 655 2588 a.
678 2550 705 2588 ιι.
729 2549 754 2588 c.
777 2527 838 2588 585
865 2527 948 2604 (Liv.
970 2529 1026 2602 43,
1050 2527 1119 2604 11),
1147 2528 1252 2588 consul
1278 2546 1304 2587 a.
1328 2525 1399 2589 588.
1423 2528 1493 2588 599.
1517 2527 1589 2600 602,
1612 2545 1646 2587 eo

360 2631 451 2707 igitur
479 2639 621 2708 tempore,
644 2649 704 2708 quo
727 2629 849 2690 senatus
878 2631 1049 2690 consultum
1076 2629 1188 2689 lactum
1216 2638 1272 2703 eat,
1298 2639 1456 2708 praeturae
1483 2630 1646 2709 proximus.

360 2729 438 2790 Nam
460 2732 497 2790 de
519 2732 580 2790 alio
602 2732 642 2790 ll.
667 2731 793 2792 Claudio
815 2732 856 2791 M.
878 2732 899 2790 i.
922 2731 1063 2792 Marcello
1085 2733 1206 2791 consule
1228 2751 1255 2790 a
1279 2731 1350 2804 571,
1374 2731 1515 2792 defuncto
1536 2751 1564 2792 a.
1587 2731 1645 2792 585

361 2832 441 2908 (Liv.
464 2831 514 2904 43,
543 2832 594 2908 18)
622 2832 748 2912 cogitari
775 2851 835 2892 non
861 2840 973 2913 potest,
1000 2834 1141 2911 quoniam
1169 2835 1219 2894 hie
1246 2833 1405 2910 ponendus
1431 2833 1488 2894 iuit
1514 2844 1585 2895 aute
1610 2831 1644 2908 Q.

358 2934 492 2994 Mucium
514 2934 665 2994 consulem
686 2955 713 2993 a.
737 2935 807 2995 579.

317 3025 425 3098 Μάνιος
446 3025 566 3120 Σέργιος
588 3029 696 3095 Mardos
719 3027 778 3098 υἱέι·
800 3057 827 3098 v.
852 3039 900 3097 16.
943 3037 1037 3098 Recte
1057 3037 1228 3098 Foucartus
1255 3038 1377 3119 negavit
1400 3038 1534 3116 intellegi
1560 3056 1646 3116 posse

259 3141 260 3144 ’
358 3139 400 3200 Μ.
423 3137 560 3219 Sergium
583 3137 678 3200 Silum
703 3147 871 3218 praetorem
894 3159 921 3199 a.
945 3161 974 3198 u.
997 3160 1023 3200 c.
1046 3141 1120 3213 5573
1147 3139 1173 3199 is
1202 3140 1281 3200 enirn
1308 3148 1377 3220 post
1398 3140 1572 3200 Marcellum
1595 3143 1643 3200 ho

358 3241 469 3302 minem
489 3260 551 3302 non
572 3243 756 3320 praetorium
777 3243 919 3302 collocari
940 3261 1000 3302 non
1022 3242 1128 3320 potuit,
1153 3249 1309 3319 praeterea
1329 3242 1450 3303 Marcus
1471 3243 1575 3320 potius
1595 3243 1648 3302 luit

358 3360 447 3420 quam
467 3344 588 3403 Manius
611 3344 663 3420 (cf.
685 3345 754 3402 rrim.
776 3344 958 3404 Mdnzweeeu
978 3365 1008 3422 p.
1032 3344 1117 3420 553).
1152 3343 1202 3403 De
1222 3344 1286 3404 ulio
1308 3343 1373 3404 eius
1392 3344 1433 3404 Μ.
1455 3341 1563 3423 Sergio
1585 3343 1646 3407 Silo

360 3463 448 3522 quem
475 3445 583 3505 Livius
610 3446 662 3518 40,
691 3446 742 3518 44,
769 3446 787 3505 5
816 3446 919 3505 scribit
944 3466 970 3505 a.
995 3445 1054 3506 586
1080 3445 1211 3526 legatum
1238 3445 1269 3504 in
1294 3444 1469 3505 Macedonia
1493 3447 1646 3519 meruisse,

358 3547 484 3623 cogitari
513 3547 598 3620 licet;
632 3566 811 3625 quamquam
843 3567 882 3606 ne
913 3549 944 3606 iu
969 3549 1027 3607 hoc
1052 3546 1172 3624 quidem
1198 3564 1291 3607 causa
1315 3554 1361 3606 est
1387 3565 1440 3606 cur
1466 3566 1646 3625 praenomen

356 3647 451 3707 Marci
479 3658 651 3727 corruptum
680 3667 748 3708 esee
769 3657 916 3727 putemus.
961 3647 1116 3726 Superest,
1140 3668 1230 3727 quem
1250 3649 1321 3708 item
1343 3648 1515 3710 Foucartus
1538 3651 1645 3724 mulir,

358 3749 479 3809 Manius
502 3747 625 3827 Sergius
646 3771 672 3810 a
694 3752 838 3812 mabill
862 3770 931 3811 eum
954 3749 989 3812 Ο.
1011 3749 1146 3829 Sulpicio
1166 3751 1285 3830 legatus
1306 3751 1338 3810 in
1354 3747 1515 3811 Graeciam
1536 3753 1646 3814 missus

359 3849 484 3927 (Polyb.
508 3853 557 3922 31,
573 3852 602 3923 9,
619 3851 663 3926 6),
683 3870 771 3927 quern
792 3854 948 3930 probabile
969 3861 1016 3915 est
1035 3854 1117 3914 hunc
1136 3853 1237 3931 ipsum
1258 3871 1334 3913 esse.
1367 3849 1427 3927 Qui
1446 3873 1503 3931 pro
1525 3855 1647 3915 consule

357 3949 524 4027 Hispaniae
551 3953 681 4029 praefuit
702 3961 799 4012 aetate
824 3954 937 4016 liberae
959 3957 1003 4016 rei
1027 3955 1165 4034 publicae
1185 3955 1237 4015 Μ’.
1261 3953 1398 4033 Sergium
1419 3954 1469 4014 Μ’.
1491 3954 1513 4016 Ι.
1535 3956 1644 4034 (roll

356 4071 385 4111 n.
411 4053 488 4112 1486
512 4053 604 4112 =11
633 4075 661 4114 n.
689 4055 785 4132 4956)
817 4074 877 4133 quo
906 4059 1005 4118 minus
1025 4076 1081 4136 pro
1103 4056 1208 4118 eodem
1229 4058 1402 4129 habeamus,
1431 4058 1543 4133 obstat,
1565 4058 1644 4136 quod

355 4173 424 4214 cum
445 4154 548 4214 titulus
570 4157 596 4217 is
617 4177 656 4217 ex
673 4176 733 4235 quo
748 4159 877 4218 innotuit
898 4159 1044 4220 miliarius
1068 4160 1117 4234 sit,
1138 4177 1244 4236 pamm
1267 4158 1409 4220 credibile
1429 4168 1477 4220 est
1497 4160 1643 4221 eiusmodi

355 4256 469 4317 riarum
492 4257 767 4320 determinationem
783 4261 880 4339 cippis
896 4261 1018 4340 scriptis
1040 4260 1081 4320 ad
1101 4280 1167 4322 earn
1181 4261 1337 4322 collocatis
1358 4262 1398 4321 ad
1419 4270 1539 4322 sextum
1562 4264 1642 4325 urbis

356 4359 509 4419 saeculum
531 4361 699 4422 ascendere.

397 4459 487 4535 Quod
509 4455 566 4525 υἱός
586 4465 626 4522 ad
647 4466 742 4541 patris
762 4483 871 4526 nomen
893 4474 1007 4525 utnon
1028 4466 1148 4526 additur
1168 4467 1199 4525 in
1221 4463 1348 4526 Graecis
1366 4465 1408 4542 (v.
1425 4465 1490 4541 48),
1512 4466 1556 4525 ita
1576 4483 1643 4528 eon·

313 4567 427 4622 stamer
454 4563 635 4624 adscribitur
660 4565 690 4626 in
711 4565 839 4641 Latinis,
861 4567 892 4626 id
913 4567 947 4625 fit
967 4587 1028 4627 nou
1049 4575 1173 4645 propter
1200 4567 1401 4647 ignorantiam
1426 4585 1500 4628 usus
1525 4566 1643 4641 Graeci,

313 4660 366 4720 sed
381 4664 459 4739 quod
475 4665 620 4726 Romanis
643 4669 673 4726 in
688 4667 798 4728 talibus
817 4679 933 4728 mature
955 4669 1068 4745 placuit
1089 4687 1174 4729 suam
1189 4668 1432 4730 consuetudinem
1447 4679 1510 4728 tum
1525 4689 1645 4749 quoque

311 4763 450 4836 retinere,
471 4783 538 4826 cum
554 4766 671 4828 Graece
686 4769 887 4847 loquerentur.
922 4768 1112 4848 Quamquam
1126 4772 1159 4832 in
1172 4791 1209 4832 ea
1229 4791 1262 4831 re
1276 4771 1455 4832 documenta
1473 4771 1644 4848 antiquiora

312 4861 369 4922 sibi
392 4881 450 4923 nou
472 4875 623 4942 constant3
651 4871 695 4929 ita
715 4873 870 4950 catalogus
893 4890 1093 4949 proxenorum
1116 4873 1334 4952 Delphicorum
1355 4891 1383 4930 a.
1406 4873 1465 4932 557
1474 4891 1539 4951 seq.
1561 4875 1643 4934 item·

311 4982 371 5042 que
398 4973 519 5027 senatus
546 4971 683 5032 consulta
708 4974 767 5032 duo
793 4992 821 5032 a.
844 4975 904 5034 568
930 4973 1112 5051 Delphicum
1140 4975 1253 5052 (Lebas
1278 4986 1309 5035 et
1334 4975 1468 5036 Fouoart
1492 4975 1541 5048 ΙΙ,
1569 4973 1641 5050 859)

311 5073 342 5125 et
363 5086 390 5126 ιι.
414 5068 474 5128 619
496 5070 660 5132 Prienense
681 5073 795 5149 (Lebas
817 5083 847 5135 et
869 5077 1073 5156 Waddingtou
1093 5076 1153 5151 ΙΙΙ,
1177 5075 1252 5153 195)
1278 5076 1367 5137 modo
1393 5084 1525 5155 ponunt,
1554 5075 1641 5137 modo

310 5168 468 5243 omittunt,
494 5171 626 5250 epistula
650 5174 691 5233 M.
713 5173 829 5236 Valerii
855 5197 883 5235 a.
906 5179 963 5238 561
995 5178 1108 5256 scripta
1134 5175 1183 5254 (G.
1206 5177 1232 5238 1.
1255 5177 1309 5238 Gr.
1332 5178 1375 5250 11,
1397 5178 1494 5256 3045)
1523 5178 1639 5250 omittit,

308 5269 367 5331 hoe
388 5272 469 5350 quod
490 5281 653 5334 tractamus
669 5279 964 5340 senatusconsultum
988 5299 1015 5340 a.
1032 5280 1092 5340 584
1115 5296 1234 5359 semper
1255 5280 1340 5359 ponit
1361 5277 1414 5356 (cf.
1431 5277 1639 5360 Dittenberger
