3546 5950
364 549 412 622 90
923 565 1123 618 wnrusuns

364 670 517 680 -——

361 749 483 801 evectus
510 749 568 800 est.
611 738 702 813 Quod
722 747 822 797 autam
844 739 971 797 Alfenus
986 737 1087 798 Varus
1108 737 1152 814 (n.
1171 737 1224 814 17)
1246 742 1317 814 post
1337 736 1555 814 praefecturam
1576 745 1668 798 carno

363 863 428 901 rum
449 843 599 917 praetorio
618 841 786 918 praefectus
807 848 863 911 est,
885 839 964 898 idem
987 840 1109 917 saepius
1131 838 1242 898 factum
1264 856 1333 898 esse
1353 856 1512 916 perperam
1532 839 1597 898 inde
1613 857 1669 898 con·

362 942 482 1016 cludas;
511 944 567 1001 hoc
593 942 672 1002 enim
700 941 827 1017 tempori
852 942 955 1017 potius
983 939 1227 1016 indubitataeque
1252 939 1318 1000 eius
1348 957 1420 1017 erga
1439 937 1594 998 Vitellium
1615 939 1669 998 ldei

363 1045 553 1104 tribuendum
581 1052 636 1103 est
679 1042 904 1116 Procuraturis‚
936 1059 1012 1118 quas
1035 1042 1091 1102 viri
1118 1041 1250 1118 equestri
1271 1041 1379 1100 militia
1399 1040 1546 1118 perfuncti
1566 1039 1669 1116 adipisci

362 1146 509 1218 sciebant,
531 1163 681 1222 nunquam
703 1162 756 1205 eos
777 1151 901 1203 ornatos
923 1145 1104 1214 invenimus;
1127 1142 1209 1219 quod
1230 1151 1330 1202 antem
1350 1140 1387 1201 G.
1404 1140 1532 1202 Caesius
1547 1140 1669 1202 Silvester

362 1249 405 1323 (ιι.
427 1247 481 1324 25)
508 1256 629 1307 curator
656 1247 772 1306 viarum
798 1246 836 1304 ab
864 1245 1050 1322 Imperatore
1074 1244 1132 1304 Pio
1152 1243 1298 1302 Umbriae
1323 1252 1360 1301 et‘
1380 1243 1495 1302 Piceno
1521 1244 1603 1302 datus
1625 1252 1668 1312 est,

362 1368 447 1408 usum
475 1366 535 1407 non
563 1351 677 1418 turbat,
703 1348 757 1407 sed
780 1345 945 1406 confirmat.
990 1344 1066 1419 Quis
1093 1344 1171 1404 enim
1197 1353 1273 1422 quot
1292 1343 1358 1404 rias
1379 1343 1518 1421 legiones
1538 1343 1670 1402 Romanae

361 1450 534 1527 aperuerint
559 1449 674 1508 nescit?
722 1447 944 1508 Vexiiiationes
972 1454 1070 1506 autem
1099 1446 1246 1506 eiusmodi
1273 1446 1414 1524 operibus
1442 1447 1572 1506 intentas
1596 1463 1669 1520 saepe

363 1552 469 1612 ductas
498 1568 566 1610 esse
592 1569 612 1607 a
638 1549 796 1625 praefectis
825 1557 1006 1620 castrorum,
1035 1547 1115 1608 infra
1141 1547 1428 1620 demonstrabimus3
1458 1547 1573 1606 riarum
1597 1546 1669 1623 igitar

363 1652 590 1712 muniendarum
611 1651 685 1710 artis
706 1669 746 1710 ex
767 1650 835 1728 ipsa
856 1651 919 1710 sine
941 1649 1034 1710 dubio
1055 1650 1163 1709 militia
1181 1648 1443 1727 apprimeperitas
1457 1655 1524 1708 erat
1538 1646 1669 1709 Siirsster.

362 1753 432 1812 Etsi
453 1761 552 1813 autem
573 1752 748 1829 pierumque
768 1752 907 1812 duriores
928 1751 1087 1827 minusque
1108 1750 1179 1810 culti
1200 1759 1299 1822 erant,
1324 1768 1417 1826 quam
1437 1749 1561 1810 iuvenes
1580 1746 1669 1806 triburi

364 1874 400 1914 ac
425 1854 569 1932 praefecti
589 1853 755 1913 cohortium
777 1853 953 1929 alarumque
972 1853 1109 1912 homines
1130 1853 1224 1914 ferme
1244 1853 1460 1931 elegantiores,
1486 1852 1554 1927 ipsa
1571 1850 1610 1908 rei
1628 1845 1669 1906 mi·

360 1957 459 2015 literis
479 1956 607 2016 scientia
628 1973 775 2014 summum
797 1955 841 2014 eis
863 1964 933 2031 post
952 1954 1084 2031 legatum
1104 1953 1234 2033 legionis
1255 1956 1356 2014 locum
1376 1953 1408 2012 in
1428 1951 1538 2012 eastris
1554 1951 1668 2027 adsigna-

362 2059 422 2116 bat.
456 2057 504 2116 Ita
518 2055 652 2116 Corbulo
671 2074 749 2133 qaae
770 2056 836 2132 ipse
857 2073 961 2134 gerere
982 2073 1043 2114 non
1064 2064 1165 2132 potest
1178 2054 1321 2116 Cornelio
1335 2055 1449 2114 Flacco
1468 2055 1568 2130 iegato
1587 2058 1614 2110 et
1630 2051 1668 2108 ln·

362 2159 439 2220 ateio
453 2157 596 2237 Capitoni
611 2167 779 2218 castrorum
794 2157 944 2234 praefecto
959 2156 1082 2216 mandat
1095 2156 1139 2232 (n.
1154 2157 1218 2234 14),
1232 2175 1369 2235 annoque
1380 2157 1420 2216 69
1435 2157 1569 2236 legiones
1581 2154 1668 2216 nnsis

362 2258 510 2320 Caecinae
531 2260 683 2320 exercitus
705 2259 774 2318 duci
794 2258 912 2319 iniectis
933 2257 1063 2318 Fabiam
1083 2258 1244 2318 Fabullum
1265 2257 1388 2335 quintae
1407 2260 1541 2338 legionis
1559 2258 1668 2336 legatum

362 2370 392 2419 et
413 2360 553 2421 Cassium
572 2361 710 2438 Longum
731 2361 912 2437 praefectum
934 2368 1102 2420 castrorum
1122 2360 1214 2420 duces
1235 2360 1373 2437 deligunt
1393 2359 1437 2436 (n.
1457 2361 1521 2437 19).

445 2464 511 2540 ipsi
531 2463 603 2521 iicet
622 2480 775 2538 nunquam
796 2461 864 2520 locu
886 2460 1038 2521 senatorio
1061 2461 1135 2534 sint,
1161 2461 1241 2522 filius
1262 2471 1363 2521 tamen
1378 2460 1523 2540 Vespasii
1543 2455 1668 2520 Pollionis

362 2563 407 2639 (n.
432 2564 464 2641 1)
495 2564 639 2640 praefecti
669 2571 834 2623 castrorum
866 2571 1037 2640 praeturam
1068 2563 1196 2640 adeptus
1223 2569 1283 2635 est,
1315 2562 1546 2641 insignibusque
1575 2559 1667 2620 ordinis

362 2665 510 2741 equestris
536 2665 701 2724 honoribus
729 2673 873 2723 ornantur
899 2683 967 2724 cum
994 2665 1025 2722 in
1052 2683 1086 2722 re
1112 2663 1235 2722 militari
1259 2671 1321 2722 tum
1348 2662 1380 2722 in
1407 2684 1440 2723 rs
1470 2665 1560 2723 cirili.
1597 2660 1667 2720 Acci·

362 2767 450 2843 piant
473 2766 553 2826 enim
579 2774 609 2825 st
635 2767 715 2825 dona
734 2763 882 2825 'militaria
906 2765 1022 2824 maiora
1048 2766 1151 2824 hastas
1175 2783 1268 2841 puras
1294 2775 1324 2825 et
1344 2765 1500 2844 rexilia1)
1522 2767 1564 2842 (ιι.
1579 2762 1626 2838 34)
1646 2769 1668 2818 et

363 2867 532 2927 sacerdotia
552 2866 704 2944 equestria
724 2866 969 2944 splendidissima
989 2865 1128 2926 tubicinis
1150 2884 1304 2926 sacrorum
1326 2867 1431 2944 popuii
1445 2866 1573 2926 Romani
1591 2865 1629 2941 (n.
1641 2861 1666 2936 8)

362 2969 615 3045 Laurentiumque
634 2967 826 3028 Larinatium
848 2966 892 3044 (n.
908 2967 973 3044 33).

446 3068 600 3131 Summum
627 3079 727 3129 autem
753 3071 832 3129 inter
858 3069 1025 3146 praefectos
1050 3079 1216 3128 castrorum
1241 3070 1341 3129 iocum
1364 3069 1527 3130 verisimile
1546 3077 1590 3129 est
1607 3063 1667 3124 obti-

362 3173 464 3232 nuisse
487 3171 655 3250 praefectos
682 3180 848 3230 castrorum
876 3171 1147 3248 Aegyptiacorum,
1176 3171 1248 3247 quin
1275 3179 1309 3230 nt
1334 3173 1525 3248 praefectura
1548 3164 1667 3246 Aegypti,

361 3281 489 3350 excepta
512 3272 700 3352 praefectura
723 3271 881 3348 praetorii,
910 3272 1058 3348 equestris
1079 3273 1175 3330 honor
1196 3289 1332 3332 summus
1353 3279 1413 3343 est,
1438 3273 1485 3333 ita
1504 3272 1667 3350 praefectus

361 3393 482 3453 quoque
506 3383 675 3434 castrorum
700 3373 849 3452 Aegypti,
873 3373 978 3432 eadem
999 3373 1188 3452 praefectura
1207 3373 1351 3448 praetorii
1370 3382 1515 3451 excepta,
1540 3375 1665 3432 honoram

361 3478 534 3536 militarium
560 3475 677 3535 ridetur
701 3476 789 3551 quasi
814 3475 930 3534 culmen
957 3492 1037 3547 esse,
1069 3491 1145 3550 quos
1173 3474 1293 3550 quidem
1319 3495 1423 3552 gerere
1448 3475 1566 3553 possint
1589 3468 1666 3530 homi·

360 3596 414 3638 ues
439 3577 553 3636 ordinis
579 3596 640 3636 non
665 3576 815 3636 senatorii.
858 3575 917 3635 Est
940 3576 1020 3634 enim
1046 3586 1149 3635 notam
1176 3576 1348 3654 Augustum
1373 3580 1447 3637 fater
1473 3579 1536 3636 aiio
1560 3575 1665 3633 umar-

362 3682 447 3738 tr'cnia
471 3695 582 3736 arcuna
605 3681 766 3753 seposuisse
784 3678 960 3755 Aegyptam,
980 3681 1092 3748 'ustitia
1117 3681 1175 3737 rrisr’
1189 3680 1347 3754 parmasu,
1374 3680 1488 3755 aspredr'
1511 3672 1665 3738 amorosa

360 3789 412 3838 aas
438 3777 576 3854 equitibta
596 3779 734 3838 Romanis
758 3778 974 3854 dicendast),
1000 3779 1268 3838 administrandam
1294 3785 1395 3838 antem
1421 3777 1541 3839 dedisse
1565 3775 1612 3834 uni
1634 3788 1663 3829 er

361 3878 524 3956 equitibus,
549 3879 603 3955 qni
629 3878 690 3938 iere
713 3878 774 3955 ipsi
795 3878 1015 3939 addictissimus
1036 3887 1132 3952 esset,
1158 3899 1225 3952 cum
1247 3887 1408 3939 consuetae
1428 3881 1544 3938 formae
1563 3874 1664 3954 prasin-

361 3982 438 4040 ciam
458 3980 557 4039 facero
571 3982 752 4057 Aegyptum,
773 3989 806 4039 ut
826 3980 897 4039 oiim
913 3979 1028 4040 Caesar
1042 3988 1136 4058 pater,
1158 3981 1201 4038 ita
1215 3987 1365 4040 vereretur
1378 3992 1410 4039 et
1424 3981 1500 4058 ipse,
1522 3999 1556 4038 aa
1567 3973 1664 4055 qrroodc

360 4083 551 4142 vocatorem
572 4083 735 4159 praesidem
758 4092 845 4141 nacto
869 4100 1007 4140 accurata
1030 4100 1124 4140 reram
1144 4085 1265 4140 materia
1285 4076 1404 4158 aaset³).
1447 4081 1492 4141 Ut
1516 4081 1601 4158 igitur
1623 4071 1664 4150 qui

360 4185 546 4264 provinciae,
578 4185 622 4244 ita
651 4203 690 4244 ne
721 4183 891 4263 legionibus
922 4183 1045 4260 quidem
1076 4182 1128 4260 qui
1161 4191 1321 4260 praeerant
1347 4183 1380 4240 in
1404 4183 1545 4260 Aegypto
1571 4173 1665 4237 ordinis

360 4296 446 4346 erant
466 4285 663 4361 senatorii⁴),
690 4303 785 4362 neque
806 4301 937 4362 unquam
960 4285 1077 4363 legatus
1100 4283 1189 4342 duxit
1209 4283 1358 4360 legionem
1378 4301 1457 4360 quae
1477 4285 1509 4342 in
1529 4285 1583 4342 bac
1600 4287 1664 4336 terra

360 4399 461 4448 castra
485 4388 617 4447 haberet
664 4386 741 4444 Eius
774 4393 875 4444 autem
897 4387 1007 4452 ,locam
1039 4385 1109 4462 quis
1142 4387 1271 4444 tenuerit
1300 4385 1463 4446 edocemur
1487 4379 1663 4459 inscriptione

360 4508 456 4565 nuper
479 4496 599 4565 reperta
619 4487 662 4563 (n.
678 4485 749 4563 24),
775 4503 837 4562 qua
861 4486 965 4546 eodem
992 4485 1080 4546 modo
1107 4486 1251 4564 locoque,
1279 4506 1341 4565 quo
1368 4487 1437 4547 aliis
1464 4489 1495 4545 in
1519 4474 1662 4562 provinciis

438 4754 462 4816 ¹)
489 4755 556 4805 Nam
575 4755 637 4808 Sex.
651 4757 742 4806 Vibius
756 4757 848 4808 Gallus
866 4763 911 4808 aut
929 4756 1096 4821 manipularis
1114 4763 1159 4806 aut
1177 4757 1292 4806 centurio
1311 4756 1440 4820 accepisse
1458 4755 1557 4806 ridetur
1574 4755 1661 4810 torques

360 4845 474 4896 armillas
497 4845 615 4910 phaleras
637 4853 735 4911 partem
759 4862 926 4910 coronarum,
950 4847 1094 4914 praefectus
1117 4854 1257 4899 castrorum
1282 4847 1369 4898 irmtas
1392 4861 1469 4912 puras
1488 4847 1516 4897 11
1540 4839 1625 4893 resilis
1639 4831 1661 4882 ll
1741 4879 1742 4900 ,

360 4937 472 5002 reliquas
489 4949 607 4987 coronas.

435 5023 461 5087 ²)
489 5027 552 5078 Tac.
570 5040 631 5076 ann.
651 5029 676 5088 1,
691 5027 734 5078 ta

436 5116 461 5178 ⁸)
488 5117 559 5171 Suet.
578 5117 630 5169 dir.
648 5118 698 5170 Iul.
717 5119 762 5170 ab.

436 5207 461 5268 ⁴)
490 5209 552 5261 Tac.
571 5209 630 5260 bist.
651 5210 733 5266 1,11.
