3546 5950
248 1193 254 1206 ¹
348 1216 424 1288 pati,
447 1216 652 1286 procuratores
678 1216 727 1264 cet.
749 1205 936 1280 Imperatoria
956 1205 1053 1264 illias:
1081 1206 1133 1264 vix
1153 1215 1253 1265 autem
1275 1225 1406 1284 unquam
1427 1210 1488 1268 boc
1510 1211 1597 1269 modo
1615 1209 1664 1268 In·

351 613 400 684 94
912 627 1112 679 ιιίιιιιιιιιε

349 806 484 884 legiones
505 801 611 862 iisdem
633 799 740 859 castris
761 798 990 875 haberentur1).
1033 799 1069 858 Id
1091 817 1211 877 quoque
1233 802 1289 859 huc
1309 801 1397 876 facit,
1419 805 1503 879 quod
1526 803 1595 865 Sex.
1615 806 1666 865 du·

349 908 447 967 lienus
470 905 513 980 (n.
530 903 563 979 t)
586 911 710 961 vocatur
726 903 890 976 praefectus
911 909 1070 960 carbonem
1091 902 1277 978 Imperatoris
1294 903 1427 963 Caesario
1448 907 1576 983 Augusti
1594 917 1617 964 et
1631 908 1665 964 Ti.

353 1010 490 1069 Caesaris
514 1004 639 1080 Augusti
646 1023 654 1075 3
680 1002 771 1079 legati
798 1001 877 1062 enim
906 1003 1080 1078 provinciae
1108 1009 1138 1060 et
1164 1002 1308 1080 legionis,
1337 1015 1551 1080 procuratores
1571 1009 1665 1084 aliique

349 1111 543 1187 magistratus
570 1105 608 1163 ab
629 1105 812 1180 Imperatore
838 1103 932 1162 creati
958 1104 1045 1180 eique
1068 1105 1127 1182 ipsi
1149 1104 1262 1164 subditi
1284 1105 1364 1164 baud
1385 1125 1455 1166 raro
1478 1119 1616 1168 vocantur
1635 1111 1665 1166 le-

348 1311 496 1391 peratoris
517 1327 626 1368 nomen
647 1306 811 1365 tribunatui
833 1307 975 1380 militum,
1003 1307 1209 1384 praefecturae
1231 1308 1365 1368 cohortis
1387 1309 1508 1384 aluere,
1534 1313 1665 1369 centurio·

348 1415 468 1474 naubus
489 1411 661 1470 adiunctum
683 1408 826 1485 reperies.
869 1407 917 1467 Ne
938 1426 1010 1468 vero
1032 1409 1105 1466 mibi
1126 1427 1274 1486 opponas,
1296 1409 1379 1492 quod
1393 1407 1573 1470 Caetronius
1593 1411 1663 1470 l'isa·

348 1534 422 1588 nus,
449 1513 660 1572 Africanorum
686 1518 854 1568 castrorum
879 1510 1066 1588 praelectus,
1092 1510 1178 1569 iussu
1201 1511 1293 1588 legati
1313 1511 1444 1589 legionis
1463 1511 1574 1571 Valerii
1593 1511 1663 1570 Festi

260 1643 263 1650 ·
348 1619 379 1676 in
393 1615 513 1676 vincula
534 1612 679 1672 conicitur
700 1609 743 1686 (n.
760 1609 828 1687 20):
851 1620 881 1670 et
902 1611 1034 1690 legatum
1050 1612 1184 1688 -legionis
1198 1612 1247 1671 111
1263 1615 1421 1690 Augustae
1443 1613 1536 1674 simul
1550 1614 1663 1693 legatum

348 1716 520 1795 provinciae
541 1713 636 1771 fuisse
650 1709 811 1770 Numidiae
832 1729 908 1788 quae
930 1720 1036 1790 postea
1057 1713 1138 1772 dicta
1157 1722 1214 1785 est,
1236 1720 1364 1786 constat,
1385 1733 1442 1774 nec
1464 1715 1608 1774 eiusmodi
1622 1733 1663 1772 er·

348 1818 509 1897 plicatione
530 1814 579 1873 bic
600 1830 734 1889 egemus:
763 1814 870 1874 eodem
891 1815 969 1873 enim
991 1821 1160 1891 praetextu,
1181 1831 1241 1890 quo
1262 1813 1406 1874 Pisanum
1429 1817 1549 1890 vinciri,
1570 1817 1663 1875 Festus

348 1921 490 1980 Pisonem
508 1917 629 1977 Africae
651 1916 862 1994 proconsulem
883 1915 1010 1974 interfici
1031 1916 1131 1989 iussit,
1152 1914 1206 1994 qui
1227 1917 1333 1993 procul
1354 1917 1446 1978 dubio
1468 1919 1534 1978 aius
1554 1919 1663 1995 impen'u
1741 1953 1742 1958 κ

348 2021 485 2081 subditus
506 2039 566 2079 non
587 2029 659 2079 erat.

428 2123 562 2182 Absente
587 2130 684 2180 eutem
712 2122 814 2198 legato
836 2119 1012 2196 plerumque
1033 2118 1115 2178 vices
1137 2119 1203 2178 eius
1225 2118 1396 2198 suscepisse
1418 2121 1548 2180 ridetur.
1587 2117 1661 2178 Tuci·
1741 2105 1742 2134 ³

347 2235 396 2285 tus
418 2225 495 2283 eninr
516 2230 620 2282 narrat
641 2221 684 2300 (n.
703 2220 755 2298 15)
776 2220 921 2280 Poenium
937 2219 1116 2279 Postumum
1136 2221 1320 2296 praefectum
1341 2230 1512 2282 castrorum
1533 2219 1662 2282 secundae

347 2327 475 2403 legionis
506 2325 586 2384 bello
619 2323 809 2394 Britannico,
840 2321 970 2400 cognitis
1000 2322 1340 2399 quartadecumanorum
1371 2323 1661 2396 vicesimanorumque

346 2427 502 2506 prosperis
522 2426 627 2497 rebus,
653 2424 724 2502 quia
743 2423 810 2501 pari
829 2423 928 2500 gloria
946 2422 1095 2500 legionem
1124 2439 1210 2482 auum
1236 2423 1440 2485 mandavisset
1468 2425 1661 2498 abnuissetque

347 2536 453 2588 contra
471 2527 561 2585 ritum
582 2525 707 2584 militiae
728 2526 811 2585 iussa
832 2524 917 2584 duma
939 2521 1075 2584 Suetonii
1096 2522 1228 2595 Paulini,
1252 2525 1344 2604 legati
1364 2527 1540 2603 provinciae
1559 2525 1660 2586 Britan·

347 2629 429 2702 niae,
455 2627 555 2704 ipsum
582 2644 616 2685 se
641 2627 742 2706 gladio
767 2626 961 2705 tranmgisse.
1004 2623 1133 2684 Videtur
1160 2625 1252 2704 igitur
1275 2627 1356 2706 legio
1377 2629 1513 2688 secunda
1532 2627 1581 2686 illo
1600 2633 1659 2682 ten·
1741 2659 1742 2696 η

347 2747 420 2808 pore
445 2729 574 2806 legatum
601 2745 661 2786 non
686 2727 841 2787 habuisse:
868 2745 959 2805 quem
981 2728 1006 2787 si
1028 2726 1197 2801 habuisset,
1225 2727 1252 2787 ei
1275 2726 1438 2790 Suetonius
1461 2731 1602 2806 imperare
1620 2725 1659 2782 de
1741 2719 1742 2798 i

346 2831 449 2904 bebat,
478 2839 512 2888 ut
539 2829 686 2908 legionem
716 2829 876 2888 adduceret
901 2829 1026 2906 eiusque
1053 2836 1120 2888 erat
1144 2829 1192 2887 rel
1220 2828 1342 2889 obedire
1368 2831 1417 2889 vel
1445 2833 1586 2891 abnuere:
1611 2829 1657 2885 ian
1741 2823 1742 2848 ³

346 2953 415 2992 eum
440 2931 590 3007 praesecto
616 2937 784 2990 castrorum
808 2931 934 3008 imperet
955 2931 1042 3005 isque
1062 2930 1208 2990 detrectet
1227 2930 1326 3004 iussa,
1353 2917 1513 2992 iudaeum
1534 2929 1657 2991 meadum

346 3035 438 3112 legati
457 3034 553 3093 fuisse
574 3042 709 3110 apparet.
751 3031 828 3092 Item
849 3031 929 3091 bello
942 3030 1106 3090 Vitelliano
1127 3030 1275 3090 seditione
1295 3032 1327 3091 in
1348 3034 1458 3092 eastris
1481 3041 1582 3093 exorta
1603 3045 1657 3088 cun

347 3135 462 3196 Valens
488 3135 608 3211 legatus
637 3131 740 3193 servili
768 3141 853 3193 reste
880 3131 961 3208 apud
988 3131 1179 3192 decurionem
1207 3133 1338 3210 equitem
1367 3132 1478 3206 lateat,
1509 3131 1656 3212 praelectus

346 3248 514 3297 castrorum
536 3253 685 3294 summum
707 3242 789 3294 tenet
809 3233 965 3311 imperium
987 3231 1030 3308 (n.
1044 3233 1108 3309 lt).
1139 3233 1282 3310 Denique
1302 3235 1334 3293 in
1348 3235 1491 3313 Aegypto
1512 3232 1657 3311 praelectas

345 3348 511 3399 casuorum
533 3338 700 3414 legatorum
722 3337 822 3395 locum
844 3335 1009 3394 obtinuisse
1032 3352 1125 3412 supra
1146 3335 1426 3396 demonstravimus.

427 3438 628 3500 Centuriones
655 3436 825 3514 militesque
846 3435 968 3496 obedire
988 3435 1081 3495 iussis
1103 3435 1246 3512 praelecti
1266 3446 1434 3496 castrorum
1455 3438 1603 3506 debuisse,
1626 3448 1657 3488 ex

345 3527 526 3602 testimoniis
559 3557 652 3616 supra
681 3537 784 3598 relatis
817 3544 951 3609 constat3
987 3537 1125 3596 tribunos
1158 3537 1201 3611 ei,
1234 3537 1285 3596 ubi
1317 3538 1446 3600 vicarius
1479 3537 1567 3616 legati
1595 3541 1655 3598 eret,

344 3643 483 3721 paruisse
514 3640 706 3700 manifestum
738 3648 799 3711 est3
831 3655 1047 3716 usquequaque
1078 3657 1148 3698 num
1180 3657 1286 3717 parere
1318 3657 1372 3699 eos
1404 3641 1580 3718 oportuerit,
1607 3648 1655 3692 non

345 3742 486 3803 diiudico.

429 3841 600 3902 Ollicialem
621 3842 713 3901 babet
733 3842 964 3902 cornicularium
987 3840 1030 3917 (n.
1046 3839 1096 3899 47.
1113 3839 1177 3917 48).

427 3943 536 4004 Restat
561 3950 595 4001 ut
614 3951 783 4020 quaeratur,
808 3960 886 4019 quae
907 3942 973 4002 eius
994 3941 1104 4001 fuerint
1123 3961 1246 4001 munera
1268 3943 1436 4020 officiaque.
1479 3946 1525 4003 Ac
1545 3941 1652 4018 primun

345 4045 464 4122 quidem
486 4043 605 4121 vigilias
630 4054 660 4103 et
681 4045 827 4104 stationes
848 4037 994 4120 dispodit,
1020 4053 1055 4102 ut
1075 4044 1223 4102 obeantur
1244 4063 1263 4100 a
1283 4045 1508 4104 centurionibus
1527 4035 1652 4122 proviso

345 4149 433 4224 signa
459 4147 531 4206 tuba
551 4145 615 4205 dari
637 4146 733 4218 iubet,
760 4145 870 4222 quibus
892 4144 980 4204 miles
1002 4144 1040 4203 ad
1061 4143 1145 4204 varia
1166 4145 1270 4203 munia
1290 4145 1430 4205 facienda
1448 4148 1542 4206 cietur
1561 4141 1599 4218 (n.
1615 4137 1651 4195 li·

344 4249 409 4324 40).
452 4247 502 4306 Ad
528 4247 712 4326 praelectum
738 4255 896 4306 castrorum
920 4250 1041 4324 positio,
1069 4245 1143 4304 uuili
1168 4255 1194 4304 ct
1205 4247 1308 4322 fossae
1328 4249 1487 4307 aestimatio
1504 4240 1650 4324 pascebat·

347 4349 543 4409 Tabensacula
573 4347 619 4408 uel
649 4367 733 4408 cocae
758 4349 880 4407 miiitum
905 4367 968 4407 oum
995 4349 1199 4426 impedimentis
1224 4347 1351 4407 omnibus
1376 4358 1447 4408 autu
1472 4351 1561 4428 ipsios
1583 4355 1651 4400 Μ·

345 4515 548 4526 -ι--ι-

420 4635 445 4698 ¹)
472 4637 602 4690 Lucienus
618 4635 668 4695 adr
687 4633 729 4687 διτ
745 4635 797 4687 iar.
818 4652 905 4705 τογγρ.
921 4639 963 4700 21,
979 4637 1013 4688 30
1032 4643 1167 4702 postquam
1186 4637 1338 4703 perstrinxit
1355 4653 1409 4702 eos,
1430 4639 1474 4704 qui
1491 4631 1591 4704 poeticis
1605 4637 1649 4675 ¹⁰¹·

345 4725 386 4776 bis
404 4733 510 4779 utuntur
527 4729 556 4779 ln
573 4729 681 4780 historia
700 4730 848 4792 scribenda,
871 4729 930 4779 illos
950 4742 1051 4794 quoque
1070 4728 1211 4793 vituperat,
1231 4729 1275 4794 qui
1293 4729 1426 4780 vocabulis
1445 4729 1552 4780 exilibus
1568 4727 1590 4773 et
1605 4713 1649 4766 ml·

342 4817 447 4882 guribus
466 4833 580 4885 quaeque
599 4835 613 4871 e
632 4821 808 4873 mendicorum
826 4819 1011 4872 consuetudine
1030 4819 1123 4870 hausta
1140 4826 1215 4884 putes
1233 4835 1287 4871 non
1303 4820 1457 4883 abstineant,
1477 4815 1650 4881 exemplant&

343 4910 471 4960 eiusmodi
490 4913 615 4962 sermonis
633 4913 798 4977 improbandi
816 4913 899 4963 adfert
913 4911 1005 4961 rerba:
1025 4905 1169 4959 ἐτάστιιλον
1189 4901 1203 4960 e‘
1221 4899 1446 4983 στρατοπεδάρχης
1458 4909 1492 4976 τῷ
1508 4901 1582 4976 κυρίῳ.
1609 4893 1649 4948 Ubi

344 5016 395 5065 quo
419 5001 582 5067 potissimum
601 5003 628 5052 in
647 5002 726 5052 rerbo
744 5005 854 5068 positum
875 5003 909 5054 sit
928 5002 1032 5067 uulgare
1050 5001 1128 5064 illud,
1154 5002 1261 5052 multum
1280 5003 1416 5068 litigarunt
1434 5004 1483 5053 uiri
1501 4999 1576 5052 docti=
1598 4984 1648 5040 mibi

342 5091 472 5143 Lucienus
490 5093 636 5158 vituperare
654 5093 769 5156 videtur,
794 5095 863 5160 quod
887 5109 934 5161 pro
959 5081 1098 5160 στρατηράς
1115 5093 1156 5143 rel
1176 5084 1350 5162 στρατηλάτης
1371 5095 1467 5145 dictum
1486 5096 1519 5144 sit
1535 5091 1648 5155 crpotffl·

344 5170 455 5254 δάρχητ,
481 5200 529 5249 pro
551 5171 706 5253 edormisce
725 5185 767 5234 vel
785 5183 888 5252 Καῖσαρ
908 5185 1059 5236 uocabulum
1078 5185 1159 5234 serris
1178 5191 1276 5236 tenurm
1296 5187 1453 5238 conveniens
1470 5173 1554 5256 cipiet·
1587 5171 1648 5224 ΟΜ

343 5265 568 5347 στρατοπεδάρχης
585 5270 636 5328 bac
654 5277 713 5329 loco
731 5291 784 5328 non
803 5285 841 5327 est
859 5279 1002 5342 praefectus
1021 5283 1170 5328 castrorum.
