3610 5956
594 597 802 650 nrunusnrs
828 597 1086 649 serenansrca.
1480 583 1501 650 5

173 699 327 708 κ.-
344 701 353 707 .
676 699 941 709 ..ι--Μ

171 777 263 833 tcrea
285 764 367 832 haec
390 765 574 853 ephemeris
598 767 661 832 etsi
684 775 859 852 eapropter
880 766 1032 833 instituta
1051 773 1112 849 est,
1135 776 1173 832 ut
1189 764 1320 852 Corpus
1338 768 1503 854 suppleat,

173 881 287 947 eadem
311 880 400 947 aliud
424 903 556 967 qnoque
579 881 736 968 sequitur.
776 881 886 947 Multa
910 903 994 966 quae
1017 881 1184 967 pertinent
1207 879 1250 946 ad
1271 881 1502 970 inscriptiones

172 995 312 1062 Latinas
330 1003 419 1062 recte
435 996 721 1084 recognoscendas
737 1005 770 1061 et
785 996 883 1081 plene
900 995 1112 1082 explicandas
1130 1018 1204 1061 oum
1220 1019 1287 1061 non
1311 997 1390 1064 satis
1414 1020 1503 1064 corn·

173 1110 270 1177 modo
292 1112 481 1178 inserantur
504 1110 768 1196 ephemeridibus
784 1111 836 1194 iis,
860 1133 944 1197 quae
959 1110 1058 1177 rebus
1072 1110 1257 1197 litterisque
1272 1112 1415 1198 antiquis
1431 1114 1503 1178 uni·
1622 1157 1626 1167 ·

173 1225 277 1291 versis
296 1225 498 1293 illustrandis
522 1225 705 1292 destinatae
729 1234 806 1291 sunt
831 1227 922 1310 (nam
945 1225 1038 1291 utin
1062 1225 1133 1290 aliis
1157 1226 1294 1309 artibus,
1316 1227 1363 1293 ita
1385 1227 1419 1293 in
1440 1227 1504 1293 hac

173 1348 288 1406 nostra
310 1363 441 1426 quoque
463 1341 620 1427 pleraque
644 1349 721 1407 sunt
743 1341 870 1406 minuta
893 1340 1006 1407 abdita
1030 1363 1050 1406 a
1073 1341 1238 1406 communi
1260 1340 1502 1430 philologorum

174 1477 297 1520 corona
319 1456 435 1540 procul
451 1455 604 1522 habenda
620 1455 800 1542 eademque
815 1465 925 1522 tamen
940 1455 1037 1522 nobis
1053 1456 1146 1521 utilia
1160 1457 1440 1544 necessariaque),
1465 1480 1503 1523 ea

173 1569 208 1636 in
224 1569 432 1656 ephemeride
449 1570 664 1659 epigraphica
677 1571 786 1636 locum
809 1570 978 1636 invenient
1000 1578 1034 1636 et
1057 1579 1182 1636 certum
1206 1580 1239 1636 et
1261 1570 1447 1638 modestum
1471 1581 1503 1636 et

173 1707 285 1765 suum;
308 1707 447 1771 eamque
469 1687 516 1751 ita
531 1683 733 1752 destinamus
749 1685 986 1772 supplementis
1006 1685 1082 1768 illis,
1104 1693 1143 1750 ut
1158 1685 1215 1751 ubi
1232 1685 1374 1773 spatium
1390 1710 1503 1772 super·

174 1808 243 1882 est,
274 1800 484 1886 quaestiones
515 1800 749 1888 epigraphicae
778 1801 813 1866 in
837 1822 876 1866 ea
898 1808 1149 1886 pertractentur.
1191 1795 1304 1882 Quare
1327 1809 1364 1867 ut
1386 1801 1421 1866 in
1444 1824 1503 1866 no·

173 1936 232 1980 vas
256 1913 355 1982 aedes
377 1915 503 2001 primus
526 1914 653 1982 locator
676 1916 834 2002 recipitur
857 1901 997 2001 quilibet
1017 1937 1058 1980 ex
1076 1914 1297 2001 multisnequc
1320 1915 1367 1981 ita
1390 1939 1503 1982 severe

174 2050 248 2094 curn
272 2052 311 2095 eo
335 2029 480 2096 rationes
503 2036 672 2117 putantur,
695 2031 742 2096 ita
765 2029 822 2117 qui
846 2028 928 2095 haec
949 2030 1066 2118 legunt
1088 2052 1155 2094 non
1176 2038 1388 2096 contemnent
1405 2029 1504 2116 ephe-

172 2141 328 2210 meridem
357 2153 495 2239 propter
523 2145 752 2232 supplementa
782 2167 856 2210 rara
882 2143 991 2210 adhuc
1022 2153 1055 2210 et
1084 2144 1181 2209 exilia
1202 2143 1383 2230 primorum
1406 2145 1503 2210 fasci-

173 2259 338 2342 culorum,
370 2259 711 2346 commentariolisque
739 2259 861 2325 nostris
889 2258 1021 2324 interim
1050 2258 1114 2325 sibi
1145 2258 1298 2325 satisfieri
1326 2259 1502 2344 patientur,

172 2396 257 2458 quos
292 2374 487 2440 confidimus
518 2373 695 2461 aliquando
725 2373 836 2440 locum
868 2395 1020 2440 cessuros
1051 2395 1123 2439 esse
1155 2372 1309 2439 auctariis
1343 2373 1504 2439 uberiori-

172 2489 253 2572 bus,
279 2489 420 2556 maxime
446 2489 504 2556 ubi
526 2488 687 2576 prodierit
710 2487 886 2575 quodiam
910 2488 972 2555 sub
994 2487 1086 2575 prclo
1115 2497 1166 2554 est
1189 2509 1309 2573 corpus
1332 2487 1503 2553 titulorum

171 2605 383 2671 urbanorum.

260 2719 431 2808 Rogamus
453 2720 582 2806 itaque,
610 2719 730 2805 quibus
759 2719 821 2784 hae
846 2718 975 2784 litterae
1000 2719 1092 2785 cordi
1116 2727 1209 2802 sunt,
1232 2725 1270 2784 ut
1294 2717 1380 2784 hanc
1404 2719 1503 2804 ephe·

167 2834 328 2902 meridem
351 2835 420 2902 suis
444 2835 548 2922 copiis
572 2834 728 2901 adiuvare
751 2833 854 2900 velint
874 2841 943 2899 tam
966 2832 1238 2920 inscriptionibus
1261 2855 1377 2900 recens
1393 2856 1503 2918 reper-

169 2951 214 3018 tis
239 2973 313 3020 cum
333 2950 516 3018 Academia
536 2948 742 3016 Berolinensi
765 2947 966 3016 Institutove
988 2947 1139 3016 Romano
1163 2947 1368 3014 editorumre
1392 2948 1502 3034 aliquo

171 3065 453 3136 communicandis
477 3088 574 3151 quarn
598 3065 903 3148 observationibus,
931 3087 1016 3150 quae
1040 3063 1083 3132 ad
1105 3073 1251 3130 nostram
1274 3086 1344 3130 rem
1366 3062 1503 3145 faciunt,

169 3179 433 3268 suppeditandis.
487 3177 583 3262 erae
615 3179 787 3244 mittentur
816 3201 884 3244 non
918 3179 1043 3266 scripta
1071 3179 1187 3267 lingna
1216 3177 1356 3260 Latina,
1389 3188 1503 3244 nostra

169 3317 252 3362 cura
273 3295 393 3362 Latine
421 3303 608 3374 vertentur3
637 3317 714 3359 nam
743 3300 781 3358 ut
809 3293 844 3358 in
868 3293 941 3359 aliis
965 3293 1012 3358 ita
1034 3293 1068 3358 in
1093 3315 1132 3358 eo
1157 3314 1288 3378 quoquc
1319 3291 1502 3376 ephemeris

169 3410 255 3476 haec
279 3409 410 3497 Corpus
433 3410 633 3492 imitabitur,
662 3407 752 3494 quod
775 3415 847 3473 tota
868 3407 992 3474 Latina
1016 3407 1086 3472 erit.
1134 3406 1299 3473 Fasciculi
1321 3405 1503 3493 prodibunt

167 3525 311 3612 singulis
339 3525 433 3592 annis
463 3523 614 3611 quaterni
641 3523 834 3612 paginarum
865 3544 933 3587 non
956 3521 1064 3589 minus
1088 3530 1373 3610 septuagenariam.
1426 3521 1502 3590 Sin-

166 3641 257 3728 gulis
280 3639 502 3706 volnminibus
530 3639 658 3706 indices
682 3638 882 3717 adicientur3
914 3637 1013 3702 iidem
1036 3635 1145 3702 denuo
1171 3634 1310 3702 edentur
1333 3636 1499 3702 coniuncti

167 3763 248 3842 post
276 3755 407 3844 singula
434 3753 504 3820 sive
533 3753 756 3841 quinquennia
783 3753 853 3818 sive
883 3751 1062 3836 decennia,
1090 3751 1157 3818 iere
1187 3759 1225 3816 ut
1254 3750 1325 3816 fieri
1356 3752 1440 3818 solet
1466 3752 1500 3816 in

165 3869 319 3936 lnstitnti
342 3869 426 3936 actis
448 3868 593 3954 reliquis.

260 3984 459 4073 Scripsimns
482 4005 594 4050 mense
619 3980 760 4050 Octobri
784 4006 812 4048 a.
832 3984 928 4048 1871.

520 4213 645 4280 Romae
737 4210 838 4278 Gvrn.
863 4211 1024 4278 Hnuznn

735 4327 814 4392 Ion.
838 4327 945 4392 Barr.
970 4345 1017 4391 nn
1041 4326 1157 4393 Rossr.

520 4442 665 4509 Berolini
732 4441 871 4507 Tur-ron.
896 4441 1090 4506 Mouusnn.

520 4557 662 4645 Dorpati
734 4555 1072 4624 Gvsr.Wrnr1arua
