3546 5950
364 558 384 628 t
390 557 414 628 4
939 577 1121 630 notenses

774 679 918 686 *Μ
1547 679 1676 686 ὴ...-

463 745 569 816 Ls'prs'us
583 765 612 816 p.
626 745 671 799 32.
710 750 828 814 Spoletii.
1117 747 1190 800 Grut.
1205 746 1318 812 1016‚t
1343 765 1374 800 ex
1396 747 1550 802 Ursiniam'e.
1585 752 1677 816 Spelet'.

701 859 751 909 Dis
770 859 844 922 Syris
1319 859 1369 909 Du
1387 860 1460 924 syri·

687 950 716 1000 Ο.
736 950 856 1000 Albinius
1255 948 1288 1011 Q.
1309 950 1430 1000 Albinius
1450 950 1482 1012 Q.
1502 952 1521 1001 1.

658 1041 688 1092 C.
708 1042 725 1091 l.
745 1041 889 1092 Restitutus
1317 1041 1459 1092 Restitutns

1325 1148 1359 1182 ex
1377 1133 1448 1183 iussu

1300 1224 1477 1275 Lomss

1344 1315 1430 1380 posuit

1350 1406 1368 1456 l.
1389 1422 1423 1457 m.

469 1516 502 1565 In
524 1515 609 1580 lapide
629 1514 729 1579 etipse
749 1511 849 1578 Spslsti
867 1511 930 1561 mibi
950 1513 1004 1562 viso
1024 1510 1090 1575 (111,
1107 1513 1188 1575 1961)
1207 1528 1267 1564 vers
1286 1513 1324 1565 sie
1343 1523 1393 1566 est:
1418 1514 1461 1565 dis
1481 1512 1577 1582 Syris}
1596 1512 1621 1564 0.
1637 1513 1673 1564 At-

472 1603 558 1656 bucr'us
574 1603 579 1670 Ι
598 1603 624 1656 0.
644 1605 661 1655 I.
681 1603 828 1654 Restitutio.

360 1756 492 1816 Possum
513 1757 621 1815 addere
646 1757 711 1815 eius
732 1755 851 1832 generis
873 1755 947 1827 slia3
969 1755 1023 1814 sed
1043 1756 1118 1814 baec
1139 1775 1227 1833 quem
1248 1775 1310 1816 non
1331 1755 1485 1831 edoceant,
1509 1776 1548 1817 ne
1568 1756 1594 1816 is
1612 1753 1676 1814 dili·

361 1859 456 1918 culter
476 1859 582 1934 sapiet.

445 1960 473 2018 6.
515 1960 644 2018 Restant
663 1957 768 2018 Ursini
794 1959 926 2017 urbanae
951 1975 1076 2016 numero
1102 1959 1229 2031 multae,
1257 1958 1311 2020 sed
1337 1960 1575 2021 dubitationibus
1595 1959 1675 2036 magis

360 2062 510 2120 obnoxiae
531 2079 621 2138 quam
644 2067 714 2118 sunt
733 2059 856 2120 fraudes
878 2077 970 2135 suprs
985 2067 1138 2120 tractatae.
1174 2062 1310 2120 Primum
1325 2082 1393 2121 cum
1408 2062 1675 2136 Messiamque

358 2161 498 2239 leguntur
525 2162 604 2240 apud
627 2161 803 2231 Gruterum,
833 2160 934 2218 omnia
958 2159 995 2218 ad
1023 2180 1091 2220 eum
1118 2181 1172 2238 per
1193 2161 1424 2223 Gntenstenium
1447 2163 1603 2222 videantur
1621 2179 1674 2237 per·

359 2264 488 2337 venisse,
509 2262 739 2324 Ursinianorum
761 2269 876 2339 partem
898 2278 991 2338 supra
1004 2262 1132 2323 vidimus
1155 2283 1221 2323 eum
1236 2266 1389 2342 accepisse
1403 2282 1463 2323 non
1476 2263 1676 2324 interveniente

360 2363 569 2424 Gntenstenio.
606 2362 706 2448 Quare
728 2363 790 2436 ubi,
812 2374 846 2422 nt
866 2372 994 2439 oportet,
1022 2363 1060 2422 ad
1081 2384 1118 2422 ea
1139 2373 1252 2424 tantum
1268 2366 1461 2437 attendimus,
1482 2383 1562 2443 quae
1577 2363 1674 2424 Guten·

360 2466 449 2524 stenii
474 2483 582 2524 nomen
608 2465 790 2541 adscriptum
816 2465 939 2537 babent,
968 2465 1158 2524 inveniuntur
1183 2467 1215 2524 in
1240 2468 1280 2526 iis
1306 2467 1421 2526 inedita
1441 2486 1477 2526 eo
1508 2477 1634 2544 tempore
1651 2469 1674 2520 et

359 2566 447 2637 bona,
468 2574 501 2624 ut
522 2566 626 2625 titulus
648 2566 736 2624 bodie
751 2565 847 2625 musei
862 2565 998 2624 Vaticani
1014 2566 1069 2638 vl,
1085 2565 1145 2626 235
1163 2592 1200 2618 =
1217 2565 1305 2627 Grut.
1325 2568 1393 2640 109,
1410 2569 1427 2626 7
1447 2565 1474 2626 ‘a
1488 2565 1673 2628 Gutenstenio

359 2686 398 2726 ex
419 2666 494 2725 Hor.
510 2665 627 2727 Vallaei
653 2675 684 2726 et
704 2666 804 2726 Fulvii
822 2665 927 2726 Ursini
949 2662 1161 2744 autographis’,
1183 2687 1366 2746 quamquam
1387 2669 1437 2727 hic
1458 2687 1579 2745 quoqne
1600 2685 1673 2726 versu

358 2768 544 2844 paenultimo
558 2787 614 2846 pro
630 2768 752 2828 Caesare
773 2769 951 2844 Vespasiano
968 2768 1021 2838 VI,
1043 2768 1105 2827 Tito
1122 2769 1245 2828 Caesare
1265 2774 1333 2846 imp.
1350 2770 1426 2828 IIII
1443 2789 1500 2828 cos.
1524 2769 1601 2830 male
1613 2767 1674 2843 legi·

359 2875 408 2928 tur
428 2873 495 2945 imp.
518 2871 635 2947 Vespcs.
654 2869 707 2942 VI,
730 2869 851 2930 Caiscre
865 2869 927 2930 Tito
941 2869 1017 2928 1111
1027 2887 1099 2941 cos.;
1121 2871 1198 2930 alter
1218 2871 1308 2930 hodie
1329 2871 1426 2931 musei
1448 2870 1612 2930 Florentini
1629 2867 1673 2938 vl,

360 2969 681 3044 551=Grut.93,e
706 2967 731 3028 ‘e
753 2971 870 3030 schedis
891 2970 996 3031 Ursini
1019 2967 1254 3044 Gntenstenins’‚
1283 2973 1451 3050 descriptus
1477 2991 1520 3032 ex
1546 2974 1610 3051 ipso
1628 2969 1672 3028 illo

358 3072 461 3140 codice
474 3072 578 3133 Ursini
591 3071 821 3150 Ligorianorum
837 3071 906 3130 vat.
922 3071 1014 3145 3439,
1038 3073 1094 3131 etsi
1116 3073 1205 3131 etiam
1227 3073 1268 3132 ibi
1284 3092 1338 3150 pro
1353 3074 1459 3151 Nymp.
1475 3093 1557 3134 sanc.
1575 3071 1673 3132 Guten·

359 3175 472 3233 stenius
494 3173 576 3232 dedit
596 3173 696 3250 Nyms.
719 3191 809 3244 sccr.;
831 3173 938 3232 tertius
961 3171 1096 3246 v1,sss
1114 3199 1151 3224 =
1170 3172 1256 3234 Grut.
1274 3174 1358 3248 63,4
1384 3171 1411 3232 ‘a
1430 3175 1544 3233 Fulvio
1565 3172 1671 3242 Ursino,

302 3331 303 3336 ,
357 3275 540 3353 descriptore
562 3267 780 3346 Gutenstenio¹,
806 3274 836 3332 in
861 3291 922 3349 qno
943 3283 1044 3332 tamen
1068 3276 1158 3334 etiam
1184 3275 1328 3334 eudscius
1349 3285 1467 3351 praeter
1488 3275 1552 3334 alia
1571 3275 1671 3334 minem

356 3384 428 3454 post
448 3379 541 3436 verba
565 3380 685 3452 ripam·
700 3374 817 3434 Siluani
835 3375 920 3434 idem'
936 3375 1064 3434 inseruit
1085 3385 1111 3434 et
1130 3375 1278 3434 Herculis.
1322 3375 1422 3435 Etiam
1443 3377 1550 3436 titulus
1570 3377 1672 3452 imperio

357 3480 465 3537 domini
492 3476 610 3536 Silvani
634 3475 787 3534 dedicatus
815 3475 844 3534 lt.
871 3475 980 3536 Martie
1008 3476 1044 3535 P.
1068 3477 1196 3536 Calcisio
1222 3477 1338 3536 Rusone
1358 3477 1397 3536 L.
1423 3479 1577 3538 &monnio
1597 3477 1671 3536 Paeto

358 3597 415 3640 cos.
443 3597 461 3636 a
482 3576 614 3638 Grutero
640 3578 768 3656 primum
794 3578 892 3635 editus
914 3576 1002 3649 64,9
1029 3595 1096 3636 oum
1123 3578 1343 3656 subscriptione
1368 3574 1414 3636 ‘ex
1436 3579 1541 3639 Ursini
1566 3575 1670 3638 schedis

357 3673 582 3740 Gutenstenius'
603 3697 664 3737 non
693 3679 757 3737 sine
777 3695 868 3736 causa
887 3677 919 3736 in
941 3677 1143 3755 suspicionem
1165 3690 1288 3739 vocatus
1310 3687 1369 3751 est3
1397 3679 1449 3738 sed
1471 3689 1553 3740 recte
1572 3681 1627 3738 iam
1645 3676 1670 3735 in

357 3777 492 3857 Corpore
511 3777 572 3849 VI,
592 3779 651 3838 597
677 3781 776 3838 locnm
803 3788 903 3839 tuetur
929 3779 1071 3840 defensus
1096 3787 1214 3856 praeter
1240 3779 1470 3841 Gutensteninm
1501 3787 1533 3840 et
1557 3779 1670 3839 testibus

356 3881 426 3940 fidei
452 3879 592 3940 indubiae
612 3880 723 3956 Pigbio
749 3887 779 3938 et
799 3879 943 3956 Winghio
969 3880 1095 3958 stipsis
1118 3881 1274 3940 consulum
1295 3881 1465 3941 nominibus
1486 3882 1526 3940 ab
1547 3883 1585 3940 iis
1605 3895 1670 3956 quse

356 3981 513 4041 traduntur
539 3981 619 4059 apud
639 3979 779 4040 Tacitum
803 3981 842 4040 ad
863 4000 889 4039 a
907 3981 943 4039 61
961 4000 989 4057 p.
1006 3980 1079 4041 Chr.
1106 4001 1174 4040 ann.
1198 3981 1246 4054 14,
1262 3981 1300 4042 29
1322 3981 1367 4042 ita
1387 3981 1531 4056 diversis,
1556 3990 1588 4042 ut
1606 3980 1669 4039 alte·

355 4083 419 4143 rius
442 4082 619 4142 vocabulum
638 4081 739 4158 lapide
759 4088 840 4142 recte
860 4083 1040 4159 corrigatur,
1068 4084 1212 4155 alterum,
1241 4083 1294 4161 qui
1320 4083 1400 4161 apud
1426 4083 1567 4144 Tacitum
1586 4081 1668 4140 diver

355 4202 409 4244 sus
437 4191 499 4254 est,
528 4191 597 4242 ante
622 4191 739 4259 tempus
768 4201 971 4244 successorem
999 4183 1146 4244 babuisse
1169 4183 1274 4245 eodem
1300 4193 1424 4244 auctore
1451 4203 1476 4244 c.
1493 4184 1533 4245 39
1556 4185 1668 4242 constet

274 4329 283 4344 .
354 4288 493 4364 Denique
518 4295 587 4344 acta
607 4283 762 4343 Arvalium
789 4304 816 4343 a.
832 4284 871 4342 st
893 4295 962 4344 ante
988 4287 1044 4346 hos
1069 4305 1182 4362 paucos
1209 4304 1303 4346 annos
1330 4287 1488 4346 eruderate
1511 4304 1578 4344 cum
1602 4285 1669 4342 inter

355 4397 494 4467 quattuor
520 4403 631 4463 pueros
656 4385 769 4443 ordinis
797 4386 940 4445 senatorii
969 4387 1123 4446 nominent
1148 4389 1273 4446 Bacenis
1300 4387 1334 4446 P.
1363 4388 1535 4461 Caluisium,
1563 4399 1667 4444 omnem

354 4489 391 4547 de
417 4489 471 4549 illo
500 4487 587 4547 titulo
616 4486 789 4564 scrupulum
817 4496 1007 4559 exemerunt,
1039 4507 1106 4548 cum
1134 4495 1253 4565 praeter
1280 4507 1316 4546 es
1342 4489 1523 4565 titulumque
1548 4505 1612 4547 eum
1637 4481 1668 4540 de

355 4608 414 4667 quo
436 4590 553 4666 agimus
574 4588 606 4646 id
627 4605 734 4646 nomen
756 4604 903 4664 nusquam
925 4589 1021 4649 adhuc
1041 4589 1194 4649 inventum
1209 4590 1258 4648 sit.
1292 4587 1431 4649 Ceterum
1447 4609 1483 4647 ne
1497 4589 1529 4647 in
1542 4590 1598 4647 boc
1611 4583 1668 4660 qui·

354 4689 421 4762 dem
437 4688 653 4750 Gutenstenins
675 4687 722 4748 sni
742 4689 899 4750 dissimilis
920 4689 988 4762 luit;
1010 4709 1080 4749 nam
1102 4700 1219 4766 praeter
1239 4667 1301 4750 alia
1321 4692 1437 4750 minora
1456 4691 1508 4749 ubi
1528 4689 1559 4748 in
1579 4683 1668 4763 lapide

353 4800 402 4850 est
421 4793 607 4849 memorauit
626 4789 772 4849 vocabulo
797 4790 912 4849 rariore
933 4791 1065 4850 offensus
1088 4799 1175 4850 oaute
1196 4790 1278 4850 dedit
1297 4809 1504 4864 marmor....,
1525 4790 1572 4851 bis
1592 4803 1667 4862 repe·

354 4891 437 4951 tilam
465 4890 640 4966 particulam
665 4893 739 4950 item·
755 4891 849 4950 altero
874 4891 939 4950 loeo
966 4891 1086 4951 delerit.
1129 4889 1190 4952 Sed
1210 4911 1277 4951 eum
1299 4892 1347 4952 vel
1367 4893 1442 4952 haec
1462 4891 1666 4952 ostendantur

352 4991 490 5070 genuinis
512 4991 634 5068 quidem
654 4991 804 5052 bominem
825 4994 1010 5070 pepercisse,
1032 4993 1085 5051 alii
1106 4993 1185 5052 tituli
1206 4993 1303 5071 ipsius
1324 4993 1392 5053 sola
1417 4993 1590 5053 auctoritate
1610 5005 1666 5046 mu·

353 5093 408 5153 niti
433 5110 531 5171 nugae
558 5101 628 5152 sunt
654 5111 764 5151 merae.
810 5092 960 5170 Exempla
986 5111 1082 5171 pauca
1107 5093 1205 5154 adieci
1230 5094 1308 5154 forte
1334 5102 1454 5174 arrepta
1480 5095 1556 5154 inter
1583 5088 1666 5152 multa

352 5211 412 5254 non
432 5193 559 5254 meliors
578 5193 627 5254 vel
647 5192 738 5254 etiam
759 5194 877 5271 peiorm
