3578 5962
551 634 850 690 onssnvsmcnns
870 635 988 689 88108.
1006 637 1068 688 xv.
1400 620 1472 695 187

8 893 10 896 Ι
133 799 259 868 sedator
283 809 333 886 (ci.
357 808 569 886 Dittenbsrger
589 808 659 890 lqc.
680 828 710 887 p.
732 807 809 885 810)
831 808 942 868 iactum
963 826 1024 868 non
1045 828 1085 868 ex
1106 808 1211 882 Lucio,
1234 810 1288 870 sed
1309 830 1348 870 ex
1361 812 1476 873 Larcio

134 913 185 972 rel
210 910 339 971 Levcio.
381 911 480 990 Magis
507 910 599 990 igitur
626 910 696 969 inde
723 909 899 990 colligemus
926 909 1079 970 11088808
1104 912 1316 989 antiquissimo
1342 923 1478 993 tempore

135 1014 357 1092 pronuntiasse
379 1012 571 1090 stanneus
597 1013 725 1090 indeque
752 1011 863 1072 iactum
892 1029 960 1074 esse
982 1013 1115 1085 Marcus,
1137 1027 1171 1072 ut
1196 1033 1234 1074 ex
1256 1015 1479 1079 abolefactam
1578 1095 1579 1098 Ἴ

134 1122 183 1176 881
205 1116 271 1176 ala.

220 1317 372 1380 Homines
394 1320 587 1380 nominantur
607 1319 736 1398 primum
758 1319 954 1399 magistratus
975 1319 1106 1380 Romam
1126 1330 1203 1381 18888

137 1408 235 1483 Αὖλος
255 1414 400 1483 ‘Orsiluot
421 1414 529 1482 ὕπατος
550 1439 578 1480 8.
600 1420 651 1480 42.
693 1420 750 1481 Est
775 1421 813 1479 A.
836 1420 987 1482 Hostilius
1009 1421 1045 1482 L.
1064 1422 1085 1482 f.
1102 1423 1259 1484 Mancinus
1281 1443 1342 1485 cos.
1358 1445 1385 1484 a.
1403 1425 1475 1500 584,

178 1540 243 1600 080
267 1533 401 1602 tempore
423 1532 545 1584 senatus
567 1522 737 1584 consultum
757 1523 870 1584 lactum
892 1524 992 1584 estin
1013 1525 1192 1586 Macedonia
1213 1543 1316 1604 agens.

138 1621 261 1687 Kr'wm
283 1617 401 1686 Meinas
421 1617 507 1683 Timo
531 1619 590 1686 cide
611 1615 773 1708 asparagis
798 1645 826 1684 v.
853 1627 879 1682 l.
905 1626 953 1686 10.
977 1625 1026 1686 38.
1069 1625 1244 1688 Praetorem
1266 1626 1304 1703 Q.
1326 1629 1477 1690 Maenium

180 1747 264 1806 quae
287 1735 411 1788 senatus
434 1747 461 1787 8.
476 1727 538 1788 584
560 1725 597 1787 de
611 1725 765 1787 Abderitis
780 1727 973 1800 decrevisset,
995 1747 1050 1805 pro
1066 1730 1205 1790 contione
1227 1729 1342 1790 edicere
1362 1731 1477 1792 iussum

161 1847 255 1890 -esse
278 1831 309 1889 in
331 1830 420 1889 huius
443 1829 514 1888 anni
535 1830 610 1889 actis
632 1827 738 1888 Livius
760 1829 811 1901 43,
834 1830 863 1902 4,
888 1827 925 1886 12
949 1838 1060 1903 narrat,
1081 1830 1152 1890 item
1175 1833 1478 1906 43,6,108888881

180 1952 201 1992 a
215 1940 327 1994 senatu
340 1932 456 1992 iussum
476 1948 544 1990 ease
558 1931 782 2009 Lampsacenos
802 1931 835 1990 in
850 1932 1001 1990 sociorum
1017 1931 1176 1992 formulam
1187 1934 1308 1993 8818888.
1343 1936 1482 2015 Apparet

180 2034 279 2113 igitur
306 2031 343 2108 Q.
370 2033 490 2096 Maenio
509 2039 687 2111 'praeturam
715 2033 859 2092 urbanam
886 2051 914 2092 8.
942 2033 1003 2093 584
1029 2033 1175 2110 obtigisse
1201 2027 1328 2112 eumque
1355 2039 1480 2098 consule

180 2138 221 2196 A.
245 2135 382 2196 Hostilio
402 2136 434 2195 in
456 2134 661 2196 Macedoniam
683 2135 827 2211 proiecto,
850 2135 945 2195 altero
966 2135 1321 2214 ancillarumque
1343 2148 1480 2198 senatum

181 2239 323 2316 coegisse
351 2245 381 2297 81
407 2256 456 2298 888
483 2237 614 2298 urbanas
641 2237 806 2297 curavisse.
849 2237 885 2295 Id
911 2237 1012 2314 ipsum
1039 2238 1167 2314 requirit
1186 2241 1479 2302 senatusconsultum

182 2340 269 2418 quod
290 2341 450 2412 habemus;
476 2340 664 2399 notissimum
690 2340 768 2398 enim
791 2347 838 2398 est
857 2334 1033 2400 absentibus
1055 2339 1230 2400 consulibus
1256 2359 1315 2400 non
1337 2342 1391 2400 881
1408 2343 1481 2402 velit

182 2443 320 2522 praetori
341 2443 390 2502 ius
412 2458 480 2500 esse
501 2449 623 2500 senatus
645 2441 782 2518 cogendi,
805 2441 859 2502 sed
880 2442 1026 2501 urbanum
1048 2460 1131 2502 more
1152 2444 1300 2502 maiorum
1321 2444 1480 2504 consulare

182 2562 297 2605 munus
319 2545 470 2605 sustinere
496 2543 628 2619 (Becker
649 2543 761 2604 enchir.
785 2542 813 2618 1,
842 2541 872 2615 1,
903 2543 972 2604 187.
999 2543 1091 2622 403);
1119 2552 1153 2604 81
1179 2545 1293 2605 velex
1319 2563 1370 2620 eo,
1396 2547 1480 2624 quod

184 2645 224 2722 Q.
248 2647 389 2706 Maenius
411 2653 546 2706 senatum
573 2645 738 2719 consuluit,
764 2645 919 2724 provincia
945 2646 1010 2706 eius
1039 2639 1208 2726 colligatur.
1236 2679 1278 2690 -
1304 2645 1375 2708 Non
1400 2657 1480 2709 recte

183 2749 245 2809 siri
267 2748 348 2808 docti
369 2748 467 2807 adbuc
491 2747 519 2807 ei
540 2749 729 2825 peregrinam
754 2747 938 2824 provinciam
964 2747 1125 2820 dederunt,
1152 2749 1296 2809 urbanam
1317 2759 1418 2810 autem
1441 2749 1479 2826 Q.

184 2850 318 2922 Raecio,
343 2869 431 2927 quem
453 2849 558 2910 Livius
580 2851 632 2925 43,
661 2849 690 2922 9,
718 2851 802 2910 6811
830 2869 869 2911 ex
897 2859 1020 2911 senatus
1040 2851 1177 2912 consulto
1203 2851 1234 2910 in
1263 2863 1347 2928 parte
1373 2853 1490 2914 Italiac

185 2952 311 3031 Illyrico
333 2952 452 3012 obiecta
472 2953 584 3012 milites
599 2951 825 3030 conscripsisse,
848 2953 953 3011 deinde
974 2971 1000 3012 c.
1018 2953 1101 3026 ll,4
1123 2972 1162 3011 ex
1183 2953 1244 3011 alio
1265 2965 1388 3014 senatus
1410 2975 1482 3016 con·

186 3055 268 3115 sulto
293 3061 450 3114 senatores
476 3073 515 3114 ex
540 3063 604 3113 tota
623 3053 717 3113 118118
743 3053 870 3112 Romam
902 3067 1071 3113 revocasse
1120 3053 1201 3114 Nam
1229 3073 1268 3113 ex
1294 3055 1379 3116 hisce
1403 3058 1481 3134 ipsis

185 3156 262 3217 locis
288 3156 363 3216 88118
390 3155 574 3233 intellegitur
596 3155 739 3214 Raecium
761 3155 794 3213 in
814 3154 905 3214 Italia
926 3154 1034 3231 egisse,
1056 3155 1088 3214 id
1109 3155 1190 3232 quod
1211 3158 1344 3232 praetori
1366 3157 1481 3218 urbano

185 3279 226 3320 88
247 3258 359 3318 licebat
378 3257 510 3334 quidem,
532 3265 563 3317 et
583 3274 631 3316 res
646 3255 771 3316 Italicas
792 3255 1028 3317 administrasse.
1062 3257 1189 3336 Proprie
1211 3267 1312 3317 autem
1333 3276 1481 3336 quaenam

185 3359 344 3440 provincia
365 3358 404 3435 Q.
426 3359 540 3420 Raecio
562 3359 696 3418 88888811
721 3359 774 3418 811
795 3358 982 3436 quaerimus,
1010 3358 1113 3437 paullo
1135 3359 1227 3418 altius
1249 3376 1298 3419 res
1319 3361 1482 3438 repetenda

185 3473 244 3524 ast.
288 3461 409 3524 Scilicet
434 3480 500 3521 cum
530 3463 595 3525 seni
623 3471 685 3520 tum
708 3467 861 3538 praetores
882 3469 1063 3533 crearentur,
1083 3479 1209 3538 quornm
1231 3461 1295 3521 bini
1315 3462 1346 3520 in
1368 3461 1482 3540 Hispa·

187 3568 258 3626 8188
285 3565 329 3624 188
356 3563 506 3636 solebant,
538 3562 621 3623 bello
647 3555 771 3624 Persico
803 3571 911 3621 exorto
939 3563 1068 3641 singulis
1094 3570 1208 3622 tantum
1234 3564 1422 3641 praetoribus
1449 3565 1481 3625 18

188 3665 370 3746 Hispaniam
385 3667 488 3726 missis
502 3675 590 3725 extra
612 3666 745 3724 ordinem
769 3682 837 3724 sors
851 3666 931 3724 iacta
951 3677 1008 3738 est,
1030 3673 1064 3724 ut
1084 3665 1110 3724 18
1126 3666 1309 3742 0888108881
1330 3665 1483 3727 evenisset

185 3770 247 3830 1881
267 3787 326 3847 080
342 3781 466 3829 senatus
481 3768 658 3828 censuisset.
690 3763 776 3827 Haec
799 3783 865 3825 sors
887 3785 955 3826 cum
977 3785 1004 3826 a.
1022 3766 1080 3826 583
1097 3765 1133 3827 G.
1147 3766 1290 3827 Lucretio
1311 3767 1493 3847 obtigisset,

187 3871 224 3934 18·
237 3871 433 3931 Brundisium
453 3870 492 3930 ad
514 3870 642 3930 classem
663 3869 773 3930 missus
796 3879 842 3929 est
864 3868 945 3946 (Liv.
960 3867 1011 3943 41,
1026 3867 1092 3946 31).
1135 3867 1253 3929 Deinde
1274 3869 1383 3929 classis
1404 3871 1483 3930 inter

166 3973 361 4051 provincias
382 3990 445 4044 888,
471 3972 509 4032 de
530 3971 641 4048 quibus
661 3979 815 4051 praetcrea
838 3973 1026 4045 sortirentur,
1051 3977 1173 4050 recepta
1192 3971 1292 4032 evenit
1312 3991 1340 4032 8.
1363 3972 1423 4033 584
1445 3971 1481 4033 L.

187 4075 354 4136 Hortensio
377 4073 458 4150 (Liv.
480 4074 531 4147 43,
553 4072 582 4132 4.
606 4075 634 4132 7.
658 4073 702 4150 8),
725 4092 753 4132 a.
776 4074 836 4134 585
859 4071 894 4134 0.
916 4073 1032 4133 Marcio
1054 4071 1164 4152 Figulo
1186 4072 1269 4150 (Liv.
1284 4072 1335 4146 43,
1360 4074 1407 4131 ll.
1432 4073 1481 4133 15.

189 4177 240 4252 44,
265 4177 307 4254 1),
333 4193 359 4236 a
387 4176 447 4237 586
476 4173 531 4236 On.
554 4173 683 4252 Octavio
712 4174 793 4250 (Liv.
820 4174 871 4247 44,
901 4173 963 4250 17).
1008 4171 1068 4234 Sed
1093 4175 1249 4252 provincia
1276 4181 1309 4233 ut
1335 4175 1393 4232 iret
1421 4190 1482 4250 080

188 4287 310 4341 8888188
332 4277 501 4338 censuisset
521 4278 617 4357 magis
639 4278 677 4336 ab
697 4276 824 4353 imperio
846 4275 994 4336 maritimo
1017 4275 1152 4335 seiuncta
1173 4283 1220 4334 est
1234 4292 1324 4351 quam
1347 4273 1482 4345 sublata;

189 4393 270 4442 certe
285 4399 313 4440 a.
328 4380 388 4440 586
410 4387 531 4459 0888108
552 4379 727 4458 peregrinus
749 4377 839 4438 simul
853 4377 971 4436 iubetur
991 4377 1036 4436 ire
1051 4393 1087 4434 co
1102 4393 1162 4454 quo
1176 4383 1299 4435 senatus
1314 4373 1483 4434 censuisset

192 4483 324 4560 (44,17,
354 4482 394 4541 10
421 4482 458 4542 81.
485 4501 509 4541 8
538 4481 590 4553 11,
609 4480 654 4558 4),
687 4489 717 4539 81
743 4480 807 4539 reri
841 4477 939 4539 simile
964 4486 1012 4537 est
1037 4477 1127 4537 etiam
1153 4494 1300 4538 annorum
1324 4475 1393 4537 584.
1421 4475 1482 4535 585

187 4594 347 4664 praetores
368 4585 543 4661 peregrinos
565 4583 704 4643 similiter
725 4581 875 4659 duplicem
897 4588 1008 4640 sortem
1029 4580 1191 4640 habuisse.
1218 4577 1266 4639 Ea
1287 4578 1483 4656 8088001808

190 4707 218 4747 a
242 4688 304 4748 584
325 4687 367 4746 Μ.
388 4685 501 4746 Raecio
523 4687 639 4758 evenit3
664 4686 783 4745 censuit
804 4692 903 4744 autem
924 4692 1057 4758 senatus,
1084 4693 1116 4742 ut
1140 4681 1215 4741 urbe
1234 4681 1341 4740 relicta
1360 4680 1484 4759 provin·

167 4775 298 4867 ¹cisque
330 4791 489 4868 peregrina
524 4787 657 4866 collegae
690 4787 853 4848 commissa
887 4803 959 4845 orae
994 4784 1086 4844 maris
1117 4783 1285 4844 Hadriatici
1315 4783 1483 4844 custodiam

190 4889 365 4972 susciperet.
390 4925 428 4936 —
450 4889 488 4966 Q.
510 4890 649 4951 Maenius
672 4890 709 4950 T.
730 4892 752 4950 f.
774 4897 930 4968 praeterea
948 4887 1071 4966 ignotus
1093 4896 1148 4947 est
1266 4891 1268 4896 “

148 4985 236 5056 I'cs‘sac
259 4983 452 5079 despicerer.
476 4991 526 5052 22.
549 4990 588 5053 51
615 4993 642 5052 18
671 4991 708 5053 de
734 5009 794 5070 080
822 4992 912 5050 modo
938 4989 1070 5050 diximus
1097 4997 1219 5067 praetor
1245 5007 1273 5047 a.
1301 4986 1362 5049 588
1390 4985 1483 5046 classi

191 5096 330 5176 praefuit.

230 5195 435 5258 Nominantur
456 5195 573 5258 deiude
590 5197 732 5257 senatorii
754 5195 869 5258 ordinis
890 5193 947 5258 viri
969 5194 1118 5274 quinqua,
1143 5193 1196 5274 qui
1220 5191 1339 5254 duobus
1361 5197 1484 5252 senatus

151 5298 296 5360 consultis
318 5300 365 5361 his
388 5299 552 5360 scribendis
574 5300 745 5360 adfuerunt:
