3582 5956
659 611 926 666 ursonnanann.
1381 603 1453 674 219

126 801 164 858 ad
192 801 297 859 aedem
318 800 416 860 Divae
432 799 578 878 Virginis,
606 803 655 861 cui
676 801 830 880 Panagiae
851 805 1051 883 pyrgiotissae
1074 826 1182 867 nomen
1204 819 1264 882 est,
1290 829 1385 890 nuper
1406 815 1456 874 de·

127 903 271 978 scriptum
298 912 327 962 et
352 921 466 962 mecum
489 904 738 963 communicatum
760 923 780 963 a
802 901 939 966 Gustavo
960 906 1135 968 Hirschfeld
1156 909 1204 969 hic
1225 930 1391 990 proponere
1413 917 1456 974 vi-

125 1021 191 1061 sum
214 1011 270 1062 est.

387 1110 811 1158 noonrounummrorrenrnon
1041 1083 1216 1196 snus

385 1213 865 1259 nnsrrou·rrnrraror-rsmrrorr¹
993 1197 1191 1274 ,irarnron

387 1279 1029 1361 rnrnssrrorrnararor-sarzarorrssarror

387 1415 1151 1463 rsrnannrorasuraaronosnrrorronnnarrrrara

331 1520 343 1557 u
386 1515 1188 1566 rotrararnuoesrurrournsrmranarmormunror

387 1599 1052 1666 reastrorumnou-nonozdrasruoussoror

386 1690 1101 1765 rousarrorsrsrrsransrroummusnseuxsu

127 1855 217 1928 Quod
239 1867 365 1916 exeunte
387 1877 413 1915 v.
432 1855 450 1915 2
472 1858 580 1934 legitur
602 1849 671 1936 K[‹d
693 1855 963 1936 derdermnrrou,
986 1859 1133 1919 adfinem
1157 1879 1183 1919 v.
1203 1863 1217 1919 l
1242 1865 1455 1924 restituendum

125 1975 195 2016 esse
227 1958 358 2017 ostendit
389 1952 507 2018 titulum
542 1952 749 2043 πρεσβευττῐτε,
783 1979 843 2038 quo
871 1979 937 2020 cum
966 1980 1024 2020 non
1053 1961 1144 2038 plane
1170 1963 1329 2039 expleatur
1356 1969 1455 2028 hiatus

126 2061 157 2118 in
178 2061 239 2122 ,nl
269 2061 388 2131 obvius,
416 2062 519 2120 nescio
546 2081 584 2120 an
610 2063 785 2121 consulatus
811 2062 853 2121 ibi
881 2063 1032 2124 indicatus
1057 2065 1147 2124 luerit
1171 2066 1391 2146 legendumque
1417 2071 1456 2128 ait

126 2153 242 2220 ὕπατον.
288 2161 401 2220 Fasces
429 2161 523 2240 gessit
548 2163 683 2240 Regulus
710 2181 789 2221 anno
811 2163 867 2233 31,
893 2181 971 2221 anno
998 2175 1097 2224 autem
1119 2165 1158 2226 36
1185 2167 1303 2244 legatus
1326 2171 1454 2246 Augusti

125 2283 171 2342 pr.
192 2282 237 2341 pr.
261 2265 371 2323 missus
394 2273 440 2322 est
462 2263 499 2322 ad
519 2263 667 2340 regendos
690 2264 861 2342 provincias
882 2265 1030 2325 Achaiam
1052 2273 1083 2326 et
1101 2266 1305 2328 Macedoniam
1328 2277 1358 2328 et
1371 2271 1455 2329 Moe·

126 2367 216 2436 siam,
239 2365 347 2442 quibus
368 2384 422 2442 per
443 2372 540 2425 totum
564 2361 635 2425 Gaii
655 2365 812 2443 imperium
835 2371 865 2424 et
885 2367 990 2443 primis
1013 2369 1102 2426 etiam
1125 2365 1245 2428 Claudii
1265 2370 1353 2428 annis
1375 2371 1456 2430 vide·

126 2476 174 2526 tur
194 2467 364 2545 praefuisse
384 2466 436 2542 (cf.
459 2466 627 2545 Hertzberg
647 2465 747 2526 Gescl.
766 2466 927 2526 Griecleal.
942 2468 975 2527 11
995 2487 1024 2544 p.
1042 2469 1060 2529 8
1084 2476 1114 2528 et
1135 2468 1345 2546 Dittenberger
1367 2471 1386 2529 l.
1403 2472 1455 2546 o).

126 2567 197 2626 Fuit
217 2567 308 2645 igitur
328 2569 446 2645 legatus
469 2569 676 2646 Augustorum
698 2569 804 2639 trium,
826 2586 894 2627 com
917 2569 974 2629 hoc
996 2570 1083 2629 titulo
1105 2588 1164 2628 non
1185 2572 1375 2630 enuntientur
1396 2573 1456 2631 nisi

126 2671 185 2728 duo
211 2670 264 2745 qni
292 2679 362 2728 sunt
383 2669 524 2728 Tiberius
548 2668 662 2730 Caesar
689 2672 844 2747 Angustus
871 2678 901 2728 et
922 2669 1064 2730 Tiberius
1087 2669 1232 2731 Claudius
1254 2669 1369 2731 Caesar
1395 2675 1457 2731 Au·

126 2778 234 2850 gustus
257 2769 464 2830 Germanicus.
509 2772 545 2830 Id
569 2771 650 2848 qnod
673 2790 746 2831 cave
767 2790 803 2831 eo
825 2771 953 2843 referas,
982 2772 1064 2850 quod
1085 2772 1220 2850 Regulus
1242 2791 1261 2830 a
1282 2770 1361 2832 Gaio
1383 2770 1458 2832 an-

126 2891 194 2931 sare
217 2873 343 2931 Romam
365 2883 490 2933 vocatus
513 2873 552 2931 ad
572 2873 702 2933 Lolliam
724 2892 849 2931 uxorem
865 2872 990 2934 Caesari
1011 2873 1254 2952 despondendam
1271 2866 1375 2949 (Suet.
1391 2873 1457 2933 Gal.

128 2977 181 3046 25;
209 2975 271 3033 Dio
292 2975 346 3044 59,
365 2974 416 3050 12)
445 2985 515 3052 post
540 2975 630 3034 huius
657 2974 776 3034 demum
803 2983 928 3034 mortem
955 2975 984 3034 in
1011 2976 1196 3053 provinciam
1223 2974 1358 3048 redierit3
1387 2994 1458 3034 nam

126 3095 204 3136 anno
232 3087 313 3136 certo
340 3077 380 3136 40
412 3077 445 3134 in
474 3075 605 3137 Graecia
631 3096 698 3136 enm
728 3084 944 3135 commoratum
973 3094 1038 3135 csse
1066 3095 1106 3136 ex
1134 3077 1172 3135 iis
1201 3075 1353 3153 colligitur
1381 3093 1459 3151 quae

127 3189 230 3239 narrat
246 3178 397 3254 losephus
420 3177 471 3253 (A.
488 3179 515 3238 Ι.
534 3177 582 3251 19,
601 3180 627 3249 1,
646 3179 686 3254 1).
723 3179 819 3237 Immo
841 3193 948 3236 nomen
969 3176 1094 3253 pessimi
1115 3177 1305 3252 imperatoris
1319 3177 1458 3235 consulto

125 3281 318 3358 praeteritum
341 3289 397 3340 est.
417 3313 458 3324 —
484 3278 567 3341 Nota
587 3287 743 3356 praeterea
764 3277 914 3354 Regulum
935 3277 1100 3354 nuncupari
1122 3268 1303 3360 πρεσβευτὴν
1324 3265 1458 3356 Τιβερίου

126 3377 272 3465 Καίσαρος
299 3373 460 3445 Σεβαστοῦ
485 3372 533 3438 καὶ
563 3371 802 3463 ἀντιστράτηγον,
836 3379 928 3438 verba
954 3386 1053 3436 autem
1080 3368 1128 3434 uad
1154 3368 1288 3460 Τιβερίου
1313 3367 1459 3434 Κλαυδίου

126 3479 271 3569 Καίσαρος
291 3475 454 3550 Σεβαστοῦ
479 3483 639 3560 subsequi,
666 3501 733 3540 cum
760 3481 921 3540 inserenda
946 3487 1045 3538 essent
1071 3486 1139 3538 ante
1165 3493 1301 3553 eaquae
1322 3465 1460 3536 sustani

127 3577 362 3670 ἇντιττρᾶτηγτν.
385 3621 422 3631 -
460 3584 596 3648 Statuam
625 3583 735 3660 Reguli
763 3583 800 3641 de
828 3599 882 3640 suo
910 3580 1060 3642 dedicarit
1087 3579 1135 3639 Ti.
1166 3576 1311 3638 Claudius
1341 3576 1459 3638 Novius

127 3689 242 3748 Philini
264 3688 359 3758 lilius,
381 3688 466 3746 cuins
487 3686 575 3763 plura
596 3693 789 3744 monumenta
810 3689 982 3761 supersunt.
1024 3682 1074 3741 De
1095 3699 1131 3741 eo
1153 3681 1205 3756 qni
1227 3697 1323 3756 nuper
1344 3678 1407 3755 ogit
1426 3678 1459 3736 in

129 3791 261 3852 Hermae
283 3788 340 3849 vol.
358 3789 377 3846 4
399 3809 427 3866 p.
444 3787 505 3847 416
517 3806 601 3864 seqq.
623 3785 821 3846 Neubauerus
840 3785 872 3843 ln
893 3803 930 3844 eo
951 3782 1070 3842 videtur
1089 3769 1247 3852 erravisse,
1274 3779 1355 3855 quod
1375 3787 1462 3856 potat

128 3892 261 3952 Novium
289 3891 383 3950 luisse
405 3891 520 3968 origine
541 3889 709 3947 Romanum
730 3896 838 3964 postea
858 3885 1008 3946 civitatem
1028 3892 1147 3944 nactum
1169 3881 1307 3942 Athenis.
1350 3877 1461 3952 Quam-

128 3999 175 4054 vis
197 3995 277 4052 enim
299 3992 444 4070 originem
460 3990 596 4049 Italicam
617 3989 749 4050 indicare
764 3987 900 4048 rideatur
921 4004 1030 4046 nomon
1048 3982 1128 4062 qnod
1143 3992 1190 4042 est
1202 3982 1322 4052 Noniae,
1344 3988 1461 4058 patrem

129 4097 282 4158 Graecum
312 4094 408 4154 fnisse
433 4092 546 4151 Philini
578 4109 687 4150 nomen
719 4089 865 4160 ostendit,
897 4088 992 4147 hlium
1024 4095 1124 4145 antem
1157 4083 1276 4143 demum
1309 4081 1459 4140 civitatem

129 4199 297 4258 Romanam
324 4215 343 4254 a
364 4192 489 4254 Olandio
515 4193 693 4271 imperatore
714 4189 864 4265 accepisse
886 4204 1070 4264 praenomen
1091 4186 1155 4244 eins
1176 4199 1345 4257 nomenque
1366 4181 1460 4238 mani-

129 4301 205 4360 t'esto
229 4299 443 4358 demonstrant.

1203 4415 1252 4475 W.
1274 4412 1415 4473 Hannon.
