3582 5956
585 583 767 636 uamaaou.
787 584 989 638 lavacrum.
1373 575 1446 650 235

120 750 215 813 latina
229 752 268 812 ad
287 772 326 813 m.
340 751 387 811 tv
408 757 585 814 carduetum
605 769 673 813 esso
688 756 792 814 aedem
806 775 925 816 aramve
950 759 964 815 1
981 759 1124 820 Decemb.
1148 769 1177 822 et
1200 765 1358 825 dedicatam
1378 784 1447 827 esse

120 851 175 912 lul.
199 854 229 926 8,
256 861 383 931 uuoqm
405 861 503 914 autem
524 855 654 916 dienen
676 874 763 916 aecus
785 866 875 934 atque
903 858 942 917 ad
968 878 1049 919 aram
1072 861 1160 924 Pacis
1182 865 1339 942 Augustae
1359 885 1446 927 sacra

120 952 185 1014 fleri
207 955 297 1014 solita
318 974 396 1015 csse.
1296 1017 1297 1020 ,

205 1054 323 1129 Quodsi
351 1058 426 1115 haec
451 1064 532 1116 recte
559 1057 711 1135 disputata
739 1067 818 1131 sunt,
844 1059 905 1119 iam
933 1063 1007 1122 satis
1030 1063 1192 1123 stabilitum
1217 1069 1276 1126 erit
1303 1069 1335 1127 id
1364 1068 1446 1145 quod

120 1154 323 1216 lelonmsenus
346 1159 555 1234 suspicabatur
575 1160 647 1218 bina
667 1178 755 1218 sacra
776 1161 959 1237 singulorum
980 1165 1102 1224 deorum
1128 1167 1160 1224 in
1183 1168 1271 1226 fastis
1292 1169 1444 1246 adscripta

120 1272 208 1332 possa
231 1258 350 1333 quidem
371 1259 409 1317 ad
431 1261 623 1318 constitutam
644 1260 871 1336 dedicatamque
891 1281 992 1322 eorum
1014 1266 1118 1324 aedem
1135 1267 1248 1340 referri,
1270 1270 1442 1346 neutiquam

120 1358 243 1416 veroid
263 1375 381 1418 sacrum
402 1361 484 1436 quod
504 1362 633 1436 primum
655 1361 693 1419 ed
710 1363 902 1422 constitutam
922 1383 1005 1423 aram
1027 1365 1136 1425 factum
1158 1370 1198 1426 sit
1218 1370 1352 1429 habitum
1374 1387 1442 1430 essa

119 1474 176 1533 pro
195 1459 287 1522 natali
314 1460 397 1526 aedis
419 1461 483 1532 die,
511 1481 599 1538 quem
620 1462 772 1522 dedicatae
799 1481 867 1522 esse
892 1464 1037 1524 fastorum
1064 1468 1248 1528 documentis
1274 1489 1365 1549 supra
1391 1472 1442 1530 de·

119 1561 359 1620 monstravimus.
402 1579 457 1620 nec
476 1563 575 1622 minus
597 1569 709 1624 certum
731 1564 847 1622 videtur
871 1564 950 1623 hunc
979 1566 1057 1625 diem
1078 1570 1207 1628 natalem
1228 1589 1288 1629 non
1308 1573 1443 1646 potuisse

118 1657 184 1718 loco
205 1662 320 1720 moveri
340 1661 529 1722 restitutione
551 1664 664 1740 templi,
690 1665 825 1739 potuisse
850 1667 927 1748 hauc
953 1683 1081 1744 quoque,
1109 1672 1249 1744 quoniam
1271 1689 1337 1730 cum
1358 1672 1443 1731 dedi·

118 1763 236 1822 catione
256 1763 364 1824 iterata
384 1766 554 1824 necessario
577 1765 617 1823 sit
636 1766 804 1836 coniuncta,
826 1767 1002 1826 secundario
1024 1769 1124 1845 aliquo
1146 1789 1231 1830 sacro
1253 1781 1393 1849 statuque
1413 1782 1443 1832 et

119 1861 258 1921 sollemni
283 1864 437 1925 celebrari.
481 1866 608 1926 vidimus
634 1866 754 1925 restitui
780 1867 900 1926 reficive
921 1869 1011 1925 etiam
1032 1887 1084 1928 aaa
1106 1871 1196 1931 aedes
1217 1873 1275 1931 dici
1301 1891 1378 1949 quae
1406 1873 1444 1931 de

119 1961 190 2020 solo
214 1964 392 2025 reficiendae
419 1963 520 2026 essent
547 1967 660 2026 eisdem
682 1967 789 2044 quibus
812 1976 881 2025 aute
901 1967 1030 2027 fuissent
1049 1971 1194 2047 vestigiis.
1226 1973 1340 2031 scilicet
1360 1977 1444 2033 ctiam

117 2063 216 2123 diruto
234 2068 363 2142 aedificio
385 2068 477 2127 iocum
498 2081 611 2126 sacrum
631 2085 744 2126 manae
763 2068 909 2126 Marciani
930 2069 1005 2127 illud
1027 2069 1116 2146 Digg.
1137 2073 1164 2142 l,
1187 2071 1216 2142 8,
1239 2072 1266 2145 6,
1291 2074 1319 2144 3,
1340 2075 1442 2133 rectia·

118 2163 196 2222 sime
221 2163 261 2225 Η.
283 2167 462 2244 Degenkolb
490 2163 574 2227 meus
601 2169 776 2244 (Platerectt
799 2171 860 2226 uad
885 2169 990 2227 Mietlee
1018 2187 1047 2245 p.
1071 2169 1143 2246 122)
1171 2173 1214 2229 ita
1240 2174 1391 2232 enarravit
1411 2183 1444 2232 ut

118 2265 249 2325 conlatis
271 2267 394 2328 Traiani
416 2271 455 2328 ad
476 2269 556 2328 Plin.
579 2271 617 2329 tl
641 2271 739 2329 verbis
761 2269 808 2329 his
834 2288 901 2327 uam
924 2273 952 2328 ei
965 2270 1051 2344 sacta
1072 2281 1114 2329 eat
1133 2270 1268 2348 (aedes),
1296 2273 1360 2332 licet
1379 2291 1444 2332 cou-

118 2365 208 2440 lapea
233 2371 279 2440 ait,
305 2370 407 2446 religio
433 2375 494 2430 eius
515 2371 662 2446 occupauit
683 2373 784 2442 solum,
813 2369 1040 2440 demonstraret,
1072 2372 1159 2430 deum
1184 2373 1267 2431 aedis
1288 2392 1356 2434 cum
1378 2374 1444 2432 solo

115 2468 344 2543 possessionem
372 2471 488 2530 etiamsi
514 2471 568 2530 illa
592 2471 722 2548 perisset
748 2473 886 2530 retinere.
928 2479 1047 2547 poterat
1067 2472 1177 2530 addere
1199 2473 1342 2550 conlapsa
1364 2473 1445 2533 aedi·

115 2566 188 2626 licio
216 2587 271 2628 nec
295 2572 405 2636 natalis
433 2572 497 2630 eius
526 2571 585 2630 diei
612 2589 699 2630 sacra
723 2571 814 2630 inrita
840 2571 905 2632 fieri
932 2591 987 2630 neo
1013 2591 1121 2632 nomen
1148 2590 1350 2649 cognomenta
1378 2575 1444 2634 eius

115 2666 226 2744 perire,
261 2671 351 2730 immo
384 2673 500 2731 senatui
532 2690 571 2730 ex
601 2673 776 2749 pontificum
809 2674 927 2732 decreto
959 2673 1161 2731 necessarium
1192 2691 1300 2732 munus
1330 2673 1446 2752 iniungi

114 2770 294 2830 restituendi
326 2789 363 2830 ea
388 2791 465 2850 quae
491 2773 530 2830 ad
554 2780 672 2849 tempus
706 2781 858 2832 cessarent
883 2773 931 2832 vel
962 2774 1113 2848 perissent
1145 2773 1252 2850 deique
1281 2775 1346 2832 sive
1372 2775 1446 2834 deae

114 2872 239 2948 genium
264 2873 442 2931 iunonemue
467 2873 614 2949 placandi.
668 2891 727 2948 quo
754 2875 931 2933 restituendi
956 2893 1076 2933 munere
1102 2873 1240 2932 absoluto
1266 2873 1362 2932 eidem
1390 2875 1446 2935 deo

115 2971 153 3031 da
170 2990 250 3032 novo
271 2975 411 3033 resectam
433 2974 538 3032 aedem
560 2973 698 3032 sollemni
719 2975 779 3033 ritu
800 2974 966 3033 dedicatam
990 2993 1057 3034 esse
1078 2974 1115 3032 de
1131 2973 1281 3049 Capitolio
1303 2976 1445 3035 traditum

115 3081 174 3133 est.
216 3091 286 3132 nam
308 3076 437 3151 primum
459 3074 496 3147 Q.
520 3071 659 3132 Catulum
681 3073 798 3132 Plinius
821 3073 870 3146 29,
894 3073 931 3132 23
958 3077 1001 3132 ait
1022 3093 1085 3132 auae
1107 3075 1281 3149 Capitolium
1303 3076 1449 3152 dedicaret

117 3176 256 3233 umbram
281 3177 313 3234 in
339 3176 455 3233 theatro
482 3174 602 3245 fecisse,
635 3173 742 3232 deinde
773 3191 840 3232 cum
872 3174 977 3232 iterum
1009 3181 1080 3251 post
1109 3182 1237 3231 mortem
1264 3172 1447 3248 Vespasiani

115 3277 337 3352 conflagrasset
365 3275 474 3333 fratres
506 3276 624 3334 arvales
657 3274 704 3332 ad.
731 3275 760 3335 7.
786 3274 825 3332 id.
849 3274 923 3332 Dec.
950 3291 977 3331 a.
999 3292 1030 3349 p.
1053 3269 1088 3332 (t.
1111 3272 1151 3331 80
1179 3277 1210 3330 ia
1242 3273 1383 3348 Capitolia
1414 3277 1445 3332 iu

114 3379 216 3436 aedem
241 3375 313 3452 Opia
334 3385 520 3454 couacaauut
539 3375 580 3432 ad
599 3385 665 3433 acta
685 3376 879 3450 nuncupanda
905 3376 947 3432 ad
967 3375 1170 3432 restitutionem
1194 3383 1222 3431 et
1242 3374 1445 3432 dedicationem

117 3476 250 3553 Capitoli
274 3478 311 3534 ab
338 3475 536 3552 imp(cratorc)
565 3475 598 3534 Τ.
624 3476 747 3534 Caesare
767 3475 944 3550 Vespasiano
970 3473 1131 3550 Au9(usto)
1164 3473 1246 3548 (nam
1273 3473 1317 3530 ita
1342 3482 1388 3532 eat
1412 3473 1445 3532 in

114 3578 191 3638 actis
217 3586 238 3636 t.
261 3577 311 3650 23,
340 3577 378 3634 10
410 3575 448 3635 cf.
475 3576 582 3634 Maria.
609 3594 640 3651 p.
664 3575 723 3634 206
751 3575 817 3651 aa),
850 3593 940 3652 qnam
972 3574 1186 3638 dedicationem
1217 3591 1237 3631 a
1267 3573 1443 3632 Domitiano

114 3697 142 3737 a
159 3677 199 3736 83
221 3687 372 3753 peractam
394 3694 462 3735 esse
482 3685 543 3736 tam
565 3676 677 3734 nummi
696 3675 785 3735 huius
800 3675 871 3733 anni
886 3693 976 3751 quam
992 3673 1073 3736 Suet.
1088 3674 1178 3733 Dom.
1196 3673 1214 3732 8
1237 3677 1442 3752 comprobant.

113 3773 217 3856 itaque
242 3780 345 3838 aedem
372 3795 438 3836 eam
464 3793 583 3853 quoqne
613 3794 703 3851 quam
729 3777 935 3853 Vespasianus
961 3794 981 3833 a
1006 3777 1071 3832 solo
1103 3775 1174 3833 iecit
1200 3775 1338 3834 similiter
1361 3775 1444 3834 dedi·

114 3887 214 3946 catam
235 3898 301 3939 essa
324 3887 435 3940 certum
458 3886 513 3948 est,
538 3877 608 3936 licet
629 3894 706 3953 quae
728 3894 816 3936 sacra
836 3876 960 3935 Tacitus
982 3883 1193 3935 commemorat
1213 3876 1384 3952 pertineant
1404 3875 1443 3934 ad

114 3982 213 4040 solam
241 3999 329 4040 areae
352 3978 568 4050 lustrationem,
601 3978 795 4038 fundamenta
819 3978 966 4051 iacienda,
998 3977 1154 4036 materiam
1180 3978 1284 4052 templi
1310 3977 1444 4054 conlapsi

114 4081 299 4154 avehendae,
329 4101 366 4139 ne
393 4080 601 4157 profaneretur
621 4080 738 4154 privato
759 4095 826 4137 usu.
870 4078 907 4136 de
939 4077 1006 4135 aliis
1034 4078 1157 4137 aedibus
1186 4076 1304 4135 refectis
1333 4076 1443 4135 similia

113 4184 195 4243 madi
220 4200 282 4240 non
306 4181 427 4241 memini
453 4198 501 4239 me
526 4180 636 4255 legera,
663 4179 715 4237 sed
741 4195 859 4236 causam
887 4177 999 4236 nullam
1020 4178 1107 4235 video
1129 4195 1182 4235 cur
1204 4177 1354 4234 dedicatas
1375 4192 1443 4233 esse

113 4301 231 4362 negem,
257 4283 347 4342 immo
373 4281 585 4359 gravissimum
612 4284 818 4354 argumentum
846 4277 941 4335 habeo
970 4295 1025 4335 cur
1050 4275 1213 4345 adfirmem,
1242 4293 1349 4332 nomen
1377 4273 1442 4332 eius

114 4387 166 4461 qai
188 4383 325 4444 refecerit
345 4381 564 4442 dedicaveritvo
584 4380 653 4438 aedi
673 4379 846 4453 inscriptum
868 4395 928 4435 non
951 4377 1049 4436 minus
1072 4394 1160 4452 quam
1174 4375 1238 4432 eius
1261 4375 1311 4450 qui
1328 4373 1441 4432 fecerit.

114 4485 204 4544 fidem
236 4485 366 4544 fortasse
397 4481 559 4559 denegabis
591 4479 742 4556 Dionysio
764 4479 793 4551 9,
823 4479 863 4536 60
895 4477 946 4555 qui
979 4474 1031 4552 Sp.
1065 4476 1254 4535 Postumium
1286 4472 1442 4532 dedicasse

115 4588 221 4646 aedem
246 4586 301 4645 Dii
324 4585 403 4644 Fidii
430 4602 449 4642 a
476 4581 643 4658 Tarquinio
675 4579 803 4657 superbo
834 4579 945 4637 factam
973 4578 1018 4637 sic
1043 4582 1159 4636 narrat:
1192 4571 1353 4659 καθιέρωσε
1379 4569 1441 4651 (riv

115 4682 198 4763 uenia)
230 4674 511 4744 κατασκευασθέντα
536 4671 584 4752 μὲν
610 4673 664 4739 iri
695 4681 751 4738 rati
775 4671 938 4737 τελευταίου
965 4668 1125 4750 lineatae,
1158 4677 1210 4746 τῆς
1241 4665 1272 4733 δὲ
1304 4669 1441 4746 νομιζομέ-

115 4809 165 4857 ras
195 4780 275 4870 παρὰ
297 4779 444 4852 Ῥωμαίοις
471 4771 643 4865 ἀνιερώσεως
668 4775 700 4837 ου’
730 4769 862 4858 rupium
895 4773 944 4836 ἀπ’
977 4771 1089 4836 ἐκείνου.
1136 4766 1198 4834 ro'rs
1226 4771 1260 4847 δὴ
1286 4779 1322 4854 τῇ
1345 4769 1443 4853 βουλῇ

114 4879 209 4970 δόξαν
230 4885 244 4944 o‘
266 4876 423 4952 llaaro'usoe
442 4875 552 4948 ἔλαβεν
574 4877 665 4938 αὐτοῦ
684 4875 734 4951 τὴν
753 4873 929 4964 ἐπιγραφὴνι
954 4889 986 4938 at
1006 4879 1095 4938 fidem
1115 4878 1229 4938 faciunt
1250 4893 1383 4953 eaquae
1404 4876 1442 4934 do

114 4989 238 5048 nomine
264 4986 301 5061 Q.
324 4987 425 5047 Oatnli
447 4983 637 5062 Capitolinae
664 4981 732 5040 aedi
757 4981 901 5057 inscripto
928 4986 958 5038 et
981 4978 1019 5038 da
1039 4979 1251 5057 imperatorum
1272 4979 1442 5037 nominibus

115 5089 156 5148 ob
183 5089 366 5164 singularem
392 5086 570 5148 modestiam
596 5081 720 5143 aedibus
747 5100 767 5141 s
793 5099 826 5141 aa
851 5081 971 5142 refectis
995 5099 1056 5139 non
1080 5081 1233 5157 inscriptis
1261 5077 1441 5156 compluries

117 5189 237 5267 prodita
260 5189 398 5268 legimus.
441 5188 495 5249 aed
525 5187 600 5247 haec
632 5183 732 5246 omnia
762 5201 824 5243 non
848 5201 885 5244 eo
910 5181 1059 5260 pertinent
1089 5193 1122 5242 ut
1152 5183 1257 5242 iterum
1290 5179 1442 5240 dedicatae
