3610 5956
796 1776 1253 1889 ADDITAMENTA

677 1977 753 2058 AD
783 1975 990 2059 FASTOS
1021 1977 1367 2060 CONSVLARES

877 2128 906 2203 (1
928 2147 957 2203 p.
973 2127 1163 2204 413-552).

440 2637 487 2694 Ad
509 2656 537 2712 p.
554 2637 624 2694 433.
660 2637 696 2695 in
717 2636 805 2695 sestis
821 2635 1000 2712 Capitolinis
1022 2656 1089 2713 cum
1112 2638 1243 2696 omnium
1265 2636 1355 2695 etiam
1377 2635 1564 2695 minimarum
1584 2655 1680 2695 rerum

357 2735 592 2799 ratiohabenda
613 2738 661 2810 sit,
683 2755 742 2794 non
764 2739 1025 2814 supersedebimus
1046 2739 1189 2796 adnotare
1210 2757 1357 2796 annorum
1374 2737 1539 2797 453-455
1561 2738 1680 2797 restitu-

357 2838 482 2910 tionem,
509 2856 587 2913 quae
608 2839 830 2897 commendatur
851 2839 868 2897 I
888 2859 918 2915 p.
935 2839 1011 2911 566,
1039 2840 1128 2898 etiam
1150 2857 1185 2898 eo
1207 2839 1392 2910 confirmari,
1414 2837 1493 2915 quod
1515 2839 1680 2915 fragmento

357 2956 403 3010 eo,
425 2957 484 3014 quo
506 2939 695 2998 continentur
716 2939 791 2998 fines
807 2940 1023 2998 versiculorum
1044 2961 1071 2998 n.
1087 2939 1262 3012 455-461,
1284 2940 1382 2999 denuo
1397 2941 1532 3017 inspecto
1548 2938 1680 3000 constitit

356 3039 473 3098 unicum
499 3048 610 3098 tantum
633 3058 753 3099 versum
775 3041 922 3099 excidisse
943 3041 1020 3098 inter
1041 3060 1110 3100 eum
1131 3041 1183 3116 qui
1205 3040 1271 3099 finit
1291 3041 1322 3098 in
1343 3037 1379 3099 <u
1398 3060 1525 3117 eumque
1545 3042 1600 3117 qui
1622 3041 1680 3099 exit

355 3139 387 3197 in
410 3157 432 3212 ι,
459 3149 492 3198 ut
519 3141 640 3199 nomina
665 3159 823 3200 censorum
851 3160 870 3198 a
896 3142 982 3200 nobis
1010 3141 1030 3198 l.
1056 3158 1082 3200 c.
1110 3142 1205 3199 relata
1231 3141 1269 3198 ad
1294 3159 1322 3199 a.
1338 3141 1399 3200 454
1427 3159 1524 3200 annus
1539 3141 1617 3213 455,
1645 3139 1679 3198 ad

355 3259 444 3316 quem
466 3241 554 3317 vulgo
575 3241 792 3314 adscribuntur,
814 3242 1009 3300 nullomodo
1031 3243 1164 3319 recipiat.
1596 3251 1598 3256 '

438 3341 489 3399 Ad
509 3362 538 3420 p.
555 3342 625 3401 465.
667 3341 883 3420 Fragmentum
909 3343 1035 3402 relatum
1063 3344 1117 3402 sub
1143 3342 1211 3400 n.I
1239 3343 1391 3418 pertinens
1418 3343 1457 3400 ad
1483 3362 1511 3401 a.
1533 3362 1562 3401 n.
1578 3362 1605 3403 c.
1623 3342 1677 3401 335

355 3429 461 3518 postia
474 3443 659 3520 repperimus
674 3445 704 3502 in
719 3444 822 3502 codice
835 3442 1030 3503 Viscontiano
1048 3444 1246 3502 bibliothecae
1260 3443 1417 3503 Parisinae
1431 3444 1559 3520 (Visci
1577 3445 1598 3503 f.
1614 3442 1677 3501 128.

358 3543 431 3619 130)
454 3561 520 3601 cum
541 3543 776 3620 praescriptione
797 3545 867 3603 hac:
882 3547 1056 3620 frammento
1078 3545 1156 3602 nella
1176 3549 1263 3620 eipso
1277 3545 1389 3604 Strczzi
1404 3563 1458 3621 prr
1474 3545 1504 3604 la
1518 3549 1567 3604 via
1581 3543 1677 3621 Appia

356 3644 484 3701 alterae
506 3644 603 3719 miplic
625 3645 661 3702 10
684 3643 846 3704 curras.
889 3644 978 3722 Legit
999 3646 1173 3705 Viscontius
1195 3646 1255 3703 v.l
1281 3646 1331 3703 fin.
1354 3663 1384 3703 rr
1400 3676 1408 3691 ·
1423 3663 1439 3704 s
1454 3675 1460 3690 ·
1477 3661 1599 3705 c.....

356 3945 539 4021 Fragmenta
563 3948 622 4005 tria
646 3947 827 4019 tabularum,
854 3949 886 4007 in
907 3949 1016 4024 quibus
1038 3950 1130 4008 feriae
1150 3948 1277 4008 Latinae
1298 3950 1540 4021 continebantur,
1565 3966 1628 4024 rep.
1649 3949 1677 4004 iu

396 4055 497 4105 monte
519 4048 639 4107 Albano
661 4048 765 4123 (monte
788 4049 872 4125 Caci)
899 4050 985 4135 annis
1004 4050 1222 4109 1868—1870.
1266 4047 1437 4110 Secundum
1463 4051 1608 4127 scriptum
1635 4053 1677 4104 est

396 4149 502 4235 litteris
525 4148 690 4208 minoribus
711 4158 741 4207 et
762 4153 857 4226 magis
879 4151 985 4209 artatis
1007 4169 1096 4228 quam
1117 4151 1234 4228 reliqua
1255 4151 1323 4209 duo.

1006 4341 1032 4398 l.

506 4482 543 4525 ap.
564 4474 651 4516 emedio
672 4485 700 4516 m.
722 4475 814 4516 camno
836 4477 850 4517 1.
871 4475 942 4526 arrato
963 4477 977 4517 1.
997 4476 1091 4517 miniato
1112 4480 1126 4517 t.
1147 4477 1235 4518 armato
1257 4487 1277 4528 q.
1295 4477 1388 4528 portatio
1575 4477 1602 4516 a.
1618 4453 1674 4516 304

507 4585 540 4625 ap.
575 4576 641 4627 oppia
676 4587 696 4627 q.
725 4575 789 4624 sabio
821 4575 840 4616 t.
873 4576 939 4618 uum
974 4576 1009 4618 m'.
1045 4577 1141 4618 rabateto
1176 4577 1245 4618 antris
1280 4577 1406 4618 comatam
1428 4574 1478 4619 Por

1077 4677 1123 4726 ts
1130 4707 1240 4719 .......

507 4785 535 4816 m.
556 4775 640 4817 rorata
662 4787 689 4817 m.
705 4775 724 4826 s.
746 4780 759 4818 ι
781 4787 802 4818 a.
823 4777 913 4819 rusca
933 4777 1044 4818 reuma
1064 4775 1451 4820 r·r·r·m·rvrrr0cos
1576 4758 1673 4820 utos

985 4878 1034 4927 ts.
1056 4877 1272 4919 1111·Et1>·1nN

968 4979 1016 5020 sua
1031 4992 1039 5006 ·
1054 4979 1089 5019 L·
1106 4979 1122 5020 F
1138 4991 1144 5006 ·
1160 4979 1190 5021 111
1205 4991 1213 5007 ·
1228 4977 1298 5020 NON
1315 4992 1322 5008 ·
1337 4979 1405 5022 FEbR

992 5079 1282 5123 tere.L·F·K·mntr

507 5181 561 5219 lares
587 5178 691 5220 terminio
716 5209 739 5220 ..
760 5179 781 5228 s.
806 5210 829 5222 ..
856 5191 876 5224 a,
899 5181 995 5232 aratam
1016 5185 1031 5224 t.
1052 5181 1161 5234 rerptho
1182 5181 1240 5234 ..s.
1262 5211 1284 5224 ..
1305 5193 1326 5225 n.
1349 5183 1435 5226 tricosto
1456 5192 1499 5225 ros.
1574 5185 1600 5225 a.
1617 5163 1670 5223 306
