3578 5962
365 537 440 612 238
953 553 1098 606 uonnnu

364 741 445 791 recu
466 730 570 790 status
583 728 756 786 viscontius
779 727 875 804 (aasz.
889 726 960 786 arr
975 726 1003 784 r.
1021 725 1110 798 1859,
1128 727 1166 784 14
1187 724 1225 785 cf.
1241 726 1353 785 numm
1366 745 1405 786 m.
1422 727 1539 806 repar.
1553 728 1579 801 a,
1594 729 1662 805 108).
1751 707 1752 748 ³

364 835 426 894 iam
451 833 511 892 nisi
537 828 642 891 Severi
669 837 801 906 tempore
828 829 914 887 binas
940 828 971 886 in
992 827 1141 886 Aventino
1168 827 1263 887 fuisse
1290 828 1444 888 Minervae
1470 829 1555 890 aedes
1578 848 1663 890 rursus

365 935 431 994 siue
452 951 545 992 causa
566 932 742 1007 sumpseris,
764 929 894 988 concidit
913 930 968 988 illa
988 930 1090 1007 opinio
1112 929 1149 988 de
1168 930 1304 988 Minerva
1325 930 1407 989 culta
1427 930 1459 988 in
1479 931 1558 990 aedis
1576 932 1665 1008 triper-
1752 999 1753 1024 ¹

364 1038 438 1097 titae
463 1035 547 1094 cella.
591 1032 706 1092 accedit
731 1031 812 1108 quod
837 1030 955 1090 Notitia
983 1031 1138 1109 regionum
1165 1031 1280 1108 scripta
1309 1031 1426 1090 editura
1451 1043 1579 1108 tempore
1601 1030 1663 1092 Gon·
1752 1027 1753 1046 ³

365 1137 490 1198 stamini
514 1136 553 1196 R.
573 1133 655 1206 xm
676 1134 820 1211 templum
847 1133 997 1192 Mineruae
1021 1133 1169 1204 nominat,
1196 1131 1277 1207 quod
1297 1133 1349 1190 vix
1378 1132 1442 1192 fieri
1470 1133 1620 1209 potuisset,
1643 1133 1664 1190 si

365 1237 539 1317 Capitolina
560 1235 682 1295 numina
702 1235 744 1293 ibi
765 1233 923 1293 coniuncta
941 1234 1078 1292 fuissent
1112 1233 1239 1309 denique
1258 1233 1388 1296 vidimus
1407 1251 1495 1292 saera
1507 1234 1568 1293 Ioui
1580 1235 1665 1292 lauert

243 1403 247 1410 ,
365 1344 396 1400 tn
418 1341 559 1399 Auentino
587 1340 601 1397 1
627 1335 710 1413 Sept.
736 1336 811 1407 fieri,
842 1335 994 1394 Minervae
1019 1337 1051 1392 in
1075 1333 1217 1393 Avectius
1244 1333 1305 1392 kal.
1331 1336 1425 1394 Amic
1453 1343 1485 1394 et
1509 1333 1578 1411 Esq.
1602 1334 1664 1393 diem

365 1441 430 1500 Iun.
456 1441 493 1500 19
520 1440 688 1518 adsignant,
716 1455 783 1496 cum
803 1436 934 1495 namlem
956 1435 1035 1494 diem
1055 1454 1124 1495 esse
1146 1435 1274 1495 Ovidius
1295 1435 1316 1494 t.
1340 1437 1369 1506 6,
1391 1435 1451 1496 728
1480 1445 1577 1512 aperte
1595 1436 1665 1495 dicite
1754 1427 1755 1484 ἶ

366 1546 481 1618 coepit
503 1541 647 1599 Aventina
672 1538 776 1596 Pullus
802 1540 833 1596 in
858 1556 926 1597 aree
950 1539 1021 1596 coti
1047 1555 1101 1596 nee
1127 1537 1194 1612 ipse
1221 1537 1279 1596 sibi
1306 1537 1476 1614 refragatur
1500 1555 1563 1597 eum
1589 1535 1665 1610 Quin·

366 1643 523 1720 quatribus
539 1641 567 1700 d.
586 1641 623 1699 19
637 1642 726 1699 Mart.
748 1639 797 1697 die
818 1639 981 1714 antiquitus
999 1637 1090 1697 Marti
1111 1655 1197 1696 sacro
1218 1639 1298 1697 ferro
1320 1646 1350 1696 et
1372 1639 1518 1716 sanguine
1537 1637 1665 1698 abstinen-

367 1746 440 1805 dum
465 1761 531 1803 esse
557 1742 630 1801 dicit
661 1741 737 1817 qaod
766 1750 808 1799 eat
838 1739 891 1798 illa
921 1749 992 1797 nata
1019 1740 1152 1798 Minerva
1178 1742 1223 1798 die
1254 1740 1298 1816 (3,
1321 1740 1379 1798 811
1404 1739 1454 1815 a).
1501 1740 1666 1818 persequitur
1755 1732 1756 1808 l

367 1847 448 1906 enim
474 1844 619 1904 artificum
644 1841 695 1919 qui
720 1843 778 1899 boc
803 1840 851 1898 die
876 1840 977 1900 feriati
1005 1852 1077 1899 sunt
1102 1857 1222 1919 genera,
1253 1859 1313 1918 quo
1339 1839 1420 1901 fecto
1446 1841 1521 1900 deae
1545 1841 1665 1918 templum
1755 1821 1756 1826 ¹

366 1954 578 2008 commemorat
598 1945 638 2002 ad
659 1942 794 2003 (laelium
818 1943 923 2000 situm:
945 1959 1044 2018 parua
1065 1944 1131 2000 licet
1148 1943 1246 2000 uideas
1272 1935 1382 2017 Captos
1403 1942 1524 2001 delubra
1543 1942 1667 2000 usuum

365 2067 441 2127 qaas
462 2050 517 2107 dea
537 2047 629 2106 natali
649 2047 768 2120 eoepit
787 2043 914 2101 ludera
934 2061 986 2101 auo
1007 2042 1082 2119 (837
1106 2042 1155 2118 s.).
1199 2043 1246 2101 bis
1274 2043 1375 2101 verbis
1402 2045 1478 2102 setis
1507 2051 1613 2102 cautum
1631 2051 1665 2101 est
1756 2037 1757 2110 l

365 2169 404 2210 ue
424 2150 610 2210 Mommseno
633 2145 835 2206 adsentiamur
855 2144 1020 2218 suspicanti
1043 2142 1133 2219 ((1.1.
1149 2143 1184 2202 L.
1202 2147 1216 2202 1
1240 2164 1269 2221 p.
1286 2143 1361 2219 395)
1384 2146 1490 2203 aedem
1510 2143 1666 2204 Auentinen-

367 2270 432 2314 sem
464 2252 502 2310 ab
530 2247 641 2308 Ouidio
673 2247 732 2306 dici
762 2239 970 2305 'constitutam'
1001 2245 1121 2320 quidem
1148 2244 1196 2304 die
1226 2247 1263 2304 19
1290 2246 1368 2318 lum,
1400 2245 1565 2305 dedicatam
1587 2255 1666 2303 autem

369 2355 407 2414 19
428 2353 518 2412 Mart.
544 2357 623 2408 certe
649 2367 709 2408 non
736 2365 855 2424 negare.
905 2363 1003 2422 neque
1031 2346 1110 2404 enim
1137 2345 1191 2404 illa
1219 2349 1311 2421 coepit
1335 2345 1392 2404 cols·
1416 2355 1447 2405 et
1474 2351 1563 2423 eoepit
1585 2347 1667 2406 lodus
1757 2405 1758 2420 q

365 2454 485 2514 delubra
517 2451 611 2510 uomit·
645 2467 696 2508 arto
732 2448 813 2508 aliud
847 2448 951 2506 dieunt
985 2465 1074 2524 quam
1107 2447 1237 2507 natalem
1269 2447 1485 2508 Auentinensis
1519 2447 1587 2506 deae
1614 2464 1667 2505 esse

367 2557 397 2615 d.
421 2554 458 2613 19
478 2554 554 2624 lun,
581 2549 696 2626 Captae
717 2549 745 2607 d.
770 2550 807 2609 19
830 2549 918 2606 Mart.
942 2549 1074 2624 suspicio
1095 2557 1196 2607 autem
1216 2548 1270 2607 illa
1291 2547 1360 2607 inde
1381 2557 1454 2607 nata
1476 2559 1531 2620 est,
1551 2548 1622 2626 quod
1638 2547 1666 2604 de

366 2653 564 2713 Auentinensi
586 2652 624 2709 ab
646 2649 755 2709 Ouidio
777 2649 903 2709 Verrius
924 2647 1052 2708 Flaccus
1074 2649 1232 2708 dissentire
1257 2650 1342 2708 visus
1364 2656 1418 2721 est,
1448 2651 1558 2728 quippe
1577 2647 1666 2726 quide

368 2751 605 2830 Quinquatribus
625 2751 700 2808 haec
720 2749 831 2808 dixerit
851 2750 932 2825 apud
953 2748 1034 2810 Fest.
1056 2770 1086 2827 p.
1103 2750 1178 2810 257:
1201 2751 1349 2809 dsinervue
1370 2760 1466 2810 autem
1487 2752 1602 2811 ateana
1620 2768 1668 2808 suu

368 2857 442 2915 diem
463 2855 621 2911 tristiorem
642 2851 720 2927 qaod
740 2869 770 2934 eo
792 2852 838 2908 dia
857 2850 938 2908 aedis
960 2855 1019 2910 eice
1040 2855 1073 2910 to
1085 2852 1224 2910 Aventino
1245 2862 1411 2912 consecratu
1430 2863 1484 2926 eat,
1506 2853 1560 2911 boc
1579 2857 1625 2922 est,
1643 2857 1668 2906 ut

366 2955 506 3026 vidimus,
529 2955 670 3014 dedicata.
713 2950 783 3010 inde
809 2951 942 3010 eiusdem
964 2952 1064 3011 lacera
1085 2955 1178 3012 verba
1198 2953 1229 3012 in
1255 2952 1315 3012 kal.
1337 2953 1447 3013 Praen.
1476 2953 1516 3013 ad
1541 2953 1576 3012 19
1596 2951 1667 3010 llart

366 3058 412 3118 sio
438 3055 578 3134 suppleta
605 3059 689 3113 sunt:
721 3054 863 3130 artificum
888 3054 959 3125 dies,
985 3053 1076 3129 [quod
1094 3053 1256 3129 Mineruae]
1278 3055 1357 3113 aedit
1378 3057 1409 3113 ia
1429 3053 1568 3113 Ausum
1588 3071 1614 3112 eo
1632 3053 1667 3110 dit

366 3170 408 3220 est
429 3159 583 3236 [dedicata.
617 3155 695 3230 Sub]
710 3157 828 3231 sariunt
847 3172 873 3211 e.
889 3172 917 3231 q.
934 3171 958 3212 s.
981 3162 1013 3212 at
1033 3154 1099 3214 vide
1121 3174 1191 3213 num
1213 3162 1385 3230 comparato
1406 3156 1504 3215 altero
1519 3154 1597 3215 Festi
1614 3154 1667 3212 loeo

365 3251 405 3339 p.
419 3260 479 3320 333
511 3258 602 3318 scribi
633 3257 730 3334 possit
755 3257 896 3331 artificum
921 3256 982 3315 dies
1015 3255 1129 3330 [quibus
1155 3255 1316 3330 Mineruae]
1343 3257 1423 3314 aedit
1445 3259 1466 3315 i.
1490 3257 1527 3314 A.
1549 3275 1570 3314 e.
1589 3256 1614 3313 d
1636 3261 1668 3311 sat

366 3359 537 3439 [attributa]
571 3367 650 3418 certe
671 3355 795 3414 offendit
815 3356 942 3414 formula
962 3358 1040 3432 quod
1052 3355 1214 3432 Mineruae]
1230 3399 1237 3415 .
1255 3400 1262 3416 .
1279 3396 1286 3415 .
1305 3366 1348 3414 eet
1366 3356 1513 3433 [dedicata
1526 3374 1577 3434 pro
1595 3354 1668 3414 solita

366 3482 397 3523 eo
419 3464 466 3521 dte
484 3461 535 3520 rel
555 3461 635 3536 quod
654 3475 685 3517 eo
707 3458 753 3515 die
768 3499 775 3514 .
793 3499 800 3514 .
818 3456 951 3516 dedicata
971 3466 1088 3516 estnec
1109 3457 1197 3516 facile
1218 3458 1341 3517 annales
1363 3464 1393 3516 et
1413 3458 1610 3534 hemerologia
1627 3471 1668 3512 an·

365 3565 497 3640 tiquiora
525 3563 561 3620 de
586 3558 680 3619 natali
701 3557 915 3616 Auentinensis
944 3555 1027 3616 sedis
1054 3560 1098 3617 ita
1124 3557 1311 3636 discrepasse
1337 3560 1518 3635 putaverim,
1547 3567 1579 3617 ut
1602 3572 1668 3615 mero

365 3682 466 3724 errore
491 3661 543 3720 alii
570 3660 700 3718 natalem
722 3658 937 3718 Arentinensis
963 3677 1031 3717 eum
1053 3657 1168 3735 Captae
1194 3659 1390 3719 confuderint.
1438 3660 1548 3736 quodsi
1572 3655 1669 3718 medela

365 3773 469 3824 nostra
483 3761 678 3839 displicuerit,
699 3759 776 3817 nihil
795 3742 922 3836 relinqui
944 3759 1060 3818 videtur
1079 3760 1139 3819 nisi
1157 3769 1190 3818 ut
1204 3758 1344 3819 Ovidium
1359 3779 1531 3838 sequamur,
1550 3759 1668 3822 Verrium

366 3863 550 3934 deseramus,
576 3868 667 3919 totam
694 3879 758 3918 rem
786 3860 829 3919 ita
853 3861 1062 3920 diiudieemus:
1094 3860 1249 3920 Minervae
1275 3862 1306 3921 in
1327 3862 1481 3921 Aventino
1503 3861 1586 3922 aedes
1604 3859 1669 3918 lacta

366 3971 485 4022 autea.
508 3962 567 4020 547
591 3960 619 4019 d.
645 3961 681 4020 19
704 3961 782 4032 Iun,
814 3979 892 4036 quae
917 3978 1004 4020 sacra
1029 3962 1068 4020 ad
1088 3962 1222 4040 Augusti
1245 3980 1342 4039 usque
1363 3973 1500 4040 tempora
1519 3965 1670 4022 manserunt

366 4081 422 4123 nee
444 4071 558 4122 mutata
577 4066 647 4121 sunt
667 4067 738 4137 post
757 4061 861 4120 aedem
882 4064 920 4122 ab
941 4081 978 4122 eo
998 4063 1156 4130 refectam3
1182 4063 1335 4123 Minervae
1357 4062 1471 4141 Captae
1493 4064 1531 4122 ad
1552 4061 1668 4123 Ocelim

365 4163 496 4226 Faleriis
518 4164 624 4222 dirutis
646 4163 726 4221 facta
747 4181 774 4221 a.
790 4163 849 4221 513
872 4163 925 4238 (cf.
948 4163 1066 4222 Hermes
1089 4163 1117 4235 4,
1140 4163 1201 4223 244
1226 4171 1256 4222 et
1276 4164 1422 4236 Huschke,
1442 4164 1546 4224 Jatrt.
1555 4167 1582 4240 s.
1596 4163 1667 4222 eluta

364 4265 635 4342 Pltt.,.5¹uppt.o,
659 4263 736 4322 1872
762 4282 792 4340 p.
815 4261 873 4322 821
898 4263 956 4339 ss.)
988 4264 1080 4322 natali
1112 4265 1179 4323 eius
1211 4265 1239 4323 d.
1270 4267 1307 4324 13
1330 4266 1417 4324 Mart.
1449 4265 1584 4325 instituta
1611 4269 1669 4319 sunt

364 4366 604 4444 Quinquatribus
632 4365 723 4424 Marti
749 4365 856 4424 saeris:
889 4372 1051 4442 postquam
1084 4365 1110 4424 is
1142 4364 1206 4424 dies
1235 4366 1389 4426 Minervae
1420 4366 1515 4426 saeris
1544 4358 1669 4424 celebrati

364 4477 490 4544 coeptus
515 4477 570 4540 est,
598 4467 637 4526 ad
665 4464 770 4524 aedem
797 4465 933 4526 eiusdem
957 4465 1032 4524 deae
1056 4466 1199 4524 maiorem
1228 4467 1332 4527 eodem
1361 4467 1410 4526 die
1436 4483 1523 4525 saera
1551 4464 1669 4524 instituta

364 4577 444 4640 sunt,
476 4569 566 4627 buius
598 4579 698 4626 autem
729 4566 839 4626 natalis
871 4567 1056 4626 minusculae
1089 4564 1295 4644 Quinquatrus
1330 4568 1441 4626 vocari.
1492 4574 1523 4625 et
1551 4565 1592 4624 ita
1617 4562 1669 4620 lere

363 4665 540 4726 Huscbkius
556 4667 623 4742 (doe
638 4669 706 4727 rdm.
720 4667 798 4727 Jatr
812 4687 841 4743 p.
855 4667 940 4743 356).
954 4700 996 4711 -
1016 4669 1074 4727 boc
1094 4677 1232 4728 constare
1252 4668 1370 4727 videtur
1391 4667 1539 4745 duplicem
1556 4663 1668 4724 natalem

364 4766 429 4827 sire
450 4769 630 4828 constitutae
655 4776 687 4827 et
710 4768 872 4842 dedicatae,
899 4769 963 4828 sive
987 4769 1086 4830 fmtae
1104 4769 1302 4847 refertaeque,
1329 4769 1560 4828 Auentinenseur
1580 4762 1668 4824 eaden

363 4883 425 4926 non
445 4865 597 4928 babuisse.

446 4965 546 5028 Venio
569 4968 608 5026 sd
634 4968 737 5028 aedem
763 4969 890 5045 Quirini.
938 4987 1044 5031 rursus
1076 4971 1240 5032 cavendum
1270 4989 1309 5030 ne
1335 4953 1482 5030 Ovidium'
1504 4965 1561 5027 sibi
1583 4965 1667 5042 ipsum

364 5066 509 5146 refragari
541 5057 606 5128 sine
638 5085 731 5129 eausa
761 5080 939 5132 statuamus.
981 5074 1009 5132 is
1039 5073 1143 5150 igitur¹
1161 5072 1209 5132 die
1242 5069 1439 5145 Quirinalium
1465 5060 1668 5128 sebertus

364 5165 385 5226 t
402 5165 431 5241 2,
449 5168 524 5230 509:
547 5171 651 5248 temple
672 5171 723 5230 deo
738 5173 822 5248 fiunt,
843 5191 912 5234 cum
932 5192 969 5234 eo
990 5174 1039 5234 die
1058 5181 1177 5252 praeter
1199 5173 1367 5245 Quirbruliu
1386 5173 1416 5231 in
1437 5169 1498 5229 kal.
1520 5167 1606 5229 Fam·
1625 5159 1668 5221 td·
