3546 5950
525 568 573 620 nn
592 569 803 624 rnnnnncro
820 569 1000 624 nacionis.
1342 556 1422 628 103

98 739 258 816 praesectis
280 740 430 818 legionum
452 741 559 800 aetatis
580 743 728 819 sequioris
750 744 871 802 omuino
894 743 1043 802 diversum
1066 761 1134 804 esse
1155 745 1346 804 manifestum
1368 755 1423 806 eat.

101 840 239 900 Vitellius
267 851 366 901 autem
388 839 567 902 Saturninus
590 863 609 902 a
630 843 737 902 Tacito
759 853 1005 904 commemoratus
1028 853 1058 904 et
1078 845 1114 904 L.
1137 842 1289 905 Oammius
1312 844 1424 907 Secun-

98 941 186 1000 dinus
213 953 316 1018 aperte
341 943 560 1015 demonstrant,
587 944 736 1020 quomodo
762 945 874 1004 iactum
896 947 948 1018 sit,
976 955 1010 1004 ut
1030 965 1137 1006 munus
1158 964 1265 1006 nomen
1286 954 1423 1007 mutaret.

100 1040 140 1100 Ut
167 1043 249 1104 enim
277 1045 308 1103 in
335 1045 488 1104 tribunatu
517 1045 645 1104 militum
672 1046 801 1123 legionis
830 1046 1005 1126 saepissime
1033 1049 1072 1106 ob
1099 1049 1272 1109 brevitatem
1301 1051 1425 1108 verbum

99 1143 216 1202 milicem
243 1147 435 1206 omittebatur
461 1147 695 1224 simpliciterque
717 1147 854 1207 homiues
876 1149 1059 1207 vocabantur
1081 1149 1191 1208 tribuni
1212 1150 1356 1227 legionis,
1381 1151 1425 1207 ita

99 1244 129 1301 in
148 1245 311 1320 praefectis
334 1255 501 1306 castrorum
521 1247 649 1325 legionis
672 1249 793 1307 verbum
814 1261 970 1309 castrorum
991 1250 1212 1309 extrudebatur.
1255 1247 1344 1323 Quod
1366 1251 1425 1328 pri·

99 1363 178 1402 ruum
206 1347 275 1405 sine
302 1346 393 1406 dubio
418 1349 450 1407 in
475 1365 531 1407 usu
553 1349 727 1425 quotidiano
747 1349 857 1408 lactum
879 1360 977 1410 estet
998 1367 1135 1410 sermone
1156 1352 1254 1410 minus
1276 1361 1424 1424 accurato,

100 1447 182 1504 cuius
205 1448 251 1505 rei
272 1451 443 1526 exemplum
466 1459 536 1508 sunt
550 1449 648 1508 Taciti
667 1451 757 1508 verba
778 1468 870 1527 supra
891 1452 999 1522 adlata,
1022 1451 1128 1510 deinde
1150 1452 1271 1509 saeculo
1293 1451 1425 1511 secundo

101 1547 194 1624 magis
222 1549 364 1622 invaluit,
392 1559 425 1608 ut
450 1551 482 1608 in
502 1552 587 1628 ipsos
609 1551 712 1610 titulos
733 1552 897 1628 inreperet;
927 1549 1054 1612 Severus
1075 1552 1202 1628 denique
1230 1553 1334 1629 primis
1360 1571 1425 1612 sae-

100 1647 155 1706 culi
181 1649 264 1708 tertii
290 1651 377 1710 annis
401 1652 545 1727 praefecti
567 1659 735 1711 castrorum
756 1671 865 1712 nomen
887 1649 1011 1712 sustulit
1030 1670 1197 1729 munusque
1213 1655 1426 1730 praefecturam
1526 1647 1528 1652 ’

101 1749 217 1824 legionis
245 1752 392 1828 appellari
419 1753 514 1812 iussit
557 1751 593 1810 L.
617 1751 769 1829 Oirpinius
795 1763 892 1812 utrum
919 1755 1023 1813 eodem
1051 1754 1139 1812 modo
1165 1772 1224 1830 quo
1247 1751 1425 1814 Saturninus

101 1859 130 1908 et
149 1849 337 1912 Secundiuus
364 1853 534 1930 praefectus
560 1853 688 1930 legionis
716 1854 813 1914 dictus
840 1855 895 1928 sit,
922 1874 960 1913 an
988 1855 1065 1914 alius
1088 1855 1205 1933 generis
1227 1855 1318 1914 luerit
1339 1874 1425 1933 prae-

101 1951 192 2011 lectus
214 1953 498 2031 componendosque
520 1972 586 2012 cum
599 1953 636 2014 L.
651 1954 793 2016 Memmio
815 1957 948 2016 eiusdem
968 1955 1031 2014 lere
1052 1956 1158 2015 aetatis
1174 1957 1344 2032 hominel),
1365 1975 1426 2016 non

101 2051 238 2113 diiudico.

178 2154 315 2216 Notitiae
341 2143 469 2232 dbnique
493 2155 685 2233 dignitatum,
714 2174 790 2232 quas
817 2157 937 2217 saeculo
963 2165 1071 2233 quarto
1098 2165 1226 2216 exeunte
1251 2158 1301 2217 vel
1328 2159 1425 2234 quinti

102 2255 182 2314 initio
208 2253 295 2332 (anta
321 2275 347 2314 a
364 2256 439 2332 408)
464 2259 649 2335 conscriptas
673 2269 743 2316 'esse
770 2267 872 2318 notum
900 2268 960 2330 est,
987 2258 1155 2335 praefectos
1179 2257 1330 2335 legionum
1353 2278 1425 2338 enu-

103 2363 212 2416 merant
234 2366 378 2434 quattuor
398 2377 490 2433 supra
511 2365 639 2430 centum,
661 2374 737 2434 quos
759 2377 863 2418 omnes
884 2360 941 2418 hoc
962 2359 1029 2417 loco
1048 2377 1158 2442 ponere
1173 2378 1425 2437 supervacaneum

103 2457 192 2516 visum
217 2468 276 2518 est.
319 2459 368 2517 De
393 2458 459 2518 loco
485 2477 575 2534 quem
602 2458 722 2517 saeculo
747 2468 854 2535 quarto
882 2467 1010 2519 excunte
1037 2461 1115 2519 inter
1141 2460 1260 2537 reliqua
1286 2461 1427 2520 militaria

104 2578 220 2617 munera
244 2560 444 2632 obtinuerunt,
465 2560 534 2619 inde
555 2559 707 2635 colligitur
727 2578 780 2620 eos
802 2561 946 2638 dignitate
968 2560 1139 2637 superiores
1157 2561 1253 2620 fuisse
1266 2562 1426 2637 praefectis

103 2660 232 2734 militum,
259 2679 459 2734 numerorum,
482 2661 624 2736 equitnm,
646 2661 772 2732 alarum,
794 2661 945 2733 classium,
967 2662 1156 2737 tribunisque
1177 2663 1353 2735 cohortium,
1373 2664 1426 2739 qui

104 2760 131 2818 in
158 2761 285 2839 siugulis
312 2763 532 2837 provinciarum
559 2761 713 2819 laterculis
741 2763 855 2838 passim
884 2772 1169 2822 commemorantur:
1199 2781 1318 2840 semper
1346 2763 1426 2822 enim

105 2873 166 2922 ante
191 2882 246 2923 eos
271 2871 474 2935 recensentur,
500 2863 634 2946 exceptis
662 2863 767 2938 paucis
794 2863 860 2935 nbi,
887 2872 920 2921 ut
944 2863 977 2922 in
1001 2863 1089 2922 litore
1111 2860 1264 2941 Saxonico
1285 2883 1339 2941 per
1359 2863 1426 2922 Bri·

106 2965 228 3024 tanniam
254 2963 343 3042 (Oce.
364 2985 393 3041 p.
410 2964 476 3040 90),
498 2963 572 3022 ordo
594 2973 646 3022 aut
665 2964 809 3022 confusus
832 2974 885 3022 ant
905 2965 944 3022 ob
966 2965 1042 3023 alias
1063 2983 1171 3024 causas
1191 2965 1329 3024 inversus
1344 2963 1425 3024 vidc-

105 3071 148 3124 tur
167 3083 243 3125 esse.
281 3063 356 3125 Cum
379 3075 477 3124 autem
498 3071 616 3140 praeter
639 3084 729 3124 unum
750 3065 935 3143 praelectum
955 3064 1084 3141 legionis
1096 3064 1159 3124 VII
1177 3065 1314 3143 geminae
1335 3063 1424 3140 (Oce.

105 3187 130 3243 p.
147 3165 216 3242 119)
241 3184 346 3226 omnes
368 3166 429 3224 sint
450 3167 505 3225 sub
527 3165 725 3243 dispositione
746 3166 878 3224 virorum
901 3166 1109 3240 spectabilium
1130 3165 1253 3238 ducum,
1281 3165 1426 3242 dignitate

105 3285 152 3328 ecs
170 3269 217 3328 his
240 3268 397 3326 inferiores
418 3267 514 3326 fuisse
535 3277 668 3344 apparet.
711 3266 824 3325 Errare
849 3267 942 3342 igitur
964 3266 1028 3324 sine
1050 3265 1139 3325 dubio
1154 3265 1299 3342 Vegetius
1322 3263 1364 3338 (2,
1380 3263 1424 3339 9),

105 3369 128 3426 si
148 3369 266 3447 quidem
285 3379 367 3428 recte
386 3368 473 3428 nobis
494 3369 585 3426 verba
606 3369 672 3427 eius
694 3367 805 3427 tradita
825 3373 905 3441 sunt,
931 3366 1098 3443 praefectos
1118 3365 1245 3442 legionis
1268 3365 1425 3423 comitivae

105 3471 184 3546 primi
205 3471 321 3532 ordinis
343 3471 517 3547 dignitatem
538 3470 681 3529 habuisse
701 3469 803 3540 refert,
825 3487 886 3544 qua
906 3467 1025 3544 quidem
1047 3486 1085 3526 ne
1108 3467 1199 3526 duces
1220 3464 1341 3542 quidem
1355 3484 1425 3543 pro·

105 3571 262 3632 rinciarum
284 3588 389 3630 omnes
410 3571 508 3630 ornati
529 3570 653 3645 fuerint,
686 3571 740 3628 sed
762 3569 869 3628 summi
891 3575 1014 3628 tanturn.
1057 3567 1205 3628 Videntur
1225 3567 1318 3643 igitur
1338 3583 1424 3644 prae·

106 3673 169 3734 lecti
186 3674 339 3752 legionum
361 3671 496 3731 eiusdem
517 3671 589 3744 fere,
610 3671 695 3730 cuius
715 3671 869 3748 prioribus
891 3669 1020 3730 saeculis
1041 3667 1197 3745 dignitatis
1217 3667 1322 3726 inissa.

180 3776 331 3836 Praesunt
355 3780 455 3834 autem
477 3772 566 3831 modo
587 3772 697 3848 legioni
718 3772 788 3844 toti,
815 3771 904 3830 modo
925 3771 1003 3846 parti
1026 3777 1156 3841 tantum,
1181 3768 1237 3827 toti
1259 3767 1286 3827 si
1306 3766 1423 3840 iisdem,

107 3877 178 3951 parti
192 3877 218 3936 si
231 3875 436 3953 compluribus
451 3876 560 3933 castris
574 3873 653 3949 legio
668 3873 808 3932 habetur:
822 3872 924 3949 itaque
939 3871 997 3930 hoc
1011 3888 1129 3948 quoque
1142 3879 1275 3947 tempore
1288 3887 1349 3928 non
1363 3876 1424 3928 tam

107 3988 197 4037 certae
210 3979 337 4038 militum
353 3975 453 4036 mantii
467 3993 558 4051 quam
573 3975 662 4035 certis
677 3975 783 4034 castris
798 3981 1030 4050 praeponuntur,
1044 3991 1099 4031 nec
1112 3979 1173 4056 tam
1188 3989 1274 4031 suum
1287 3987 1425 4046 quaeque

107 4077 178 4156 legio
197 4078 381 4157 praefectum
401 4077 501 4149 habet,
522 4094 613 4153 quum
635 4093 722 4136 suum
743 4093 879 4152 quaeque
899 4084 1008 4134 castra.
1043 4071 1125 4132 Num
1139 4070 1336 4132 auxiliaribus
1350 4087 1424 4144 quo·

108 4195 160 4252 que
185 4180 407 4256 equitibusque,
433 4178 486 4253 qui
511 4177 626 4255 passim
652 4177 761 4236 iisdem
788 4175 865 4236 locis
893 4163 1176 4245 commemorantur,
1202 4169 1423 4254 imperaverint,

108 4279 261 4341 diiudicare
281 4298 343 4339 non
365 4279 475 4350 ausim;
497 4280 595 4355 magis
617 4286 716 4337 tamen
737 4276 912 4336 crediderim
934 4275 1051 4336 auxilia
1069 4274 1124 4334 illa
1143 4271 1266 4350 propria
1281 4269 1423 4328 habuisse

108 4387 199 4440 castra
217 4401 237 4442 a
255 4380 430 4460 legionariis
452 4381 588 4438 seiuncta
608 4379 804 4457 propriosque
821 4376 1019 4454 praepositos.
1054 4373 1092 4434 In
1106 4372 1216 4432 tabulis
1229 4370 1309 4430 enim
1322 4369 1422 4447 pictis,

109 4497 179 4554 quas
203 4481 329 4560 singulis
357 4481 531 4540 notitiarum
555 4481 706 4558 capitibus
733 4479 911 4550 adiciuntur,
937 4476 1058 4552 saepius
1084 4474 1117 4532 iu
1142 4471 1246 4532 eadem
1268 4469 1423 4546 provincia

109 4579 228 4644 dirersis
251 4583 326 4644 locis
351 4581 484 4644 eiusdem
511 4580 641 4642 nominis
668 4581 728 4640 duc
756 4579 881 4640 castella
908 4577 989 4655 picta
1014 4571 1256 4649 inveniuntur2),
1284 4581 1318 4632 ut
1341 4577 1422 4630 recte

109 4735 301 4751 w

178 4839 201 4902 ¹)
228 4841 352 4895 Gonicma
375 4843 452 4893 etiam
474 4842 557 4907 possis
575 4837 731 4907 praefecum
749 4837 857 4905 equitum
869 4852 921 4904 pro
940 4835 1023 4904 legato
1041 4833 1132 4885 aetatis
1149 4833 1205 4884 fere
1222 4831 1356 4897 Augustae
1374 4829 1419 4882 Or.

110 4927 182 4982 3438.

178 5018 202 5084 ²)
228 5025 289 5076 Not.
308 5026 401 5076 crient.
419 5039 445 5088 p.
459 5024 518 5075 bie
529 5029 555 5073 et
566 5037 596 5088 gr
616 5020 787 5072 Constantina
804 5019 840 5082 (b.
860 5019 877 5069 d
898 5017 1017 5080 Amida);
1039 5016 1165 5068 occidant.
1184 5031 1209 5080 p.
1224 5015 1258 5065 88
1278 5012 1308 5074 (f.
1327 5025 1344 5062 o
1361 5011 1419 5062 Ma·

110 5107 211 5177 densis);
234 5117 268 5166 90
291 5115 491 5178 cTeutibcrgic
513 5113 531 5164 k
550 5113 712 5165 Teutibertic
731 5110 924 5175 (corruptum);
949 5110 966 5160 d
988 5109 1123 5174 Burgenae
1146 5129 1179 5144 -·
1203 5120 1217 5156 r
1238 5098 1419 5167 Burgeu[t]es;

112 5197 135 5256 (θ
150 5217 173 5252 m
192 5203 302 5270 Cuccis);
323 5207 378 5267 (bl
397 5203 539 5269 Camacc);
558 5204 582 5266 (i
598 5221 615 5268 p
634 5199 773 5262 Aciminci)
793 5208 840 5254 cet.
