3610 5956
175 619 308 671 ror-roe
601 617 1084 678 vournumnvmsmrnvu.
1458 600 1504 670 27

177 787 239 849 101
259 789 292 848 in
312 789 383 866 ipsa
401 788 500 868 pinea.
541 789 707 848 Praeneste
726 789 759 848 in
781 790 870 848 vinea
890 788 980 849 Dom.
1004 787 1144 850 Oeccoui.
1188 790 1297 850 Adhuc
1318 790 1439 848 ibidem.

700 958 987 1003 n·snumnr·c·r

177 1096 228 1155 Ad
248 1106 388 1174 ectypum
411 1104 565 1173 acceptum
587 1115 607 1154 n
622 1097 660 1156 D.
676 1097 844 1170 Bonennio,
865 1096 945 1173 qnod
962 1115 1017 1157 noe
1031 1115 1093 1156 nnn
1108 1098 1248 1170 vidimus,
1270 1096 1431 1158 Henzenus
1446 1098 1508 1157 edi·

178 1197 223 1256 dit
241 1197 325 1256 Ball.
346 1197 425 1257 1866
447 1219 476 1276 p.
495 1198 565 1256 135.
602 1199 849 1276 Treudelenburg
870 1198 943 1276 legit
965 1213 1115 1271 seruum,
1137 1199 1174 1258 de
1196 1215 1214 1256 1¹
1236 1199 1336 1257 littera
1357 1198 1506 1260 dubitans.

177 1403 263 1465 1⁰2*
276 1405 386 1466 litteris
401 1406 490 1466 solito
504 1406 666 1466 maioribus
680 1407 711 1464 in
726 1407 792 1466 basi
806 1406 922 1484 pineae.
947 1406 1111 1468 Praeneste
1125 1407 1155 1466 in
1166 1409 1255 1466 vinea
1265 1406 1356 1467 Dom.
1369 1405 1507 1468 Oecooni.

678 1575 697 1619 c
713 1590 721 1605 ·
737 1575 897 1620 savnrcam
913 1589 921 1605 ·
936 1577 955 1618 x
970 1590 977 1605 ·
993 1577 1010 1619 r

177 1711 330 1790 Eotypum
358 1713 441 1774 misit
466 1712 628 1772 Henzeuus
657 1722 812 1791 acceptum
841 1734 860 1773 a
885 1713 926 1774 D.
955 1713 1112 1774 Bonannio
1140 1715 1292 1792 ediditque
1320 1714 1402 1774 Ball.
1428 1715 1507 1774 1866

178 1832 209 1890 p.
227 1815 297 1874 134.

219 1913 354 1990 [Titulus
380 1915 429 1974 hic
456 1917 566 1993 quique
592 1924 759 1993 sequuntur
785 1917 843 1976 soli
868 1917 931 1976 iere
958 1917 1099 1993 probent,
1128 1919 1311 1994 quicumque
1336 1917 1508 1976 Praenesti·

177 2033 284 2075 norum
312 2035 371 2075 nou
392 2018 528 2094 concepti
555 2018 615 2076 sint
639 2036 710 2076 casu
736 2018 848 2094 primo,
875 2019 914 2076 ad
940 2019 1102 2078 secundum
1129 2020 1317 2079 revocandos
1339 2037 1421 2090 esse,
1448 2036 1507 2076 non

177 2117 218 2176 ed
239 2119 372 2189 tertium3
395 2137 463 2176 nam
486 2119 654 2190 mulierum,
676 2127 709 2177 ut
730 2120 756 2188 Ι,
773 2120 830 2177 147
855 2118 954 2178 Setini
974 2118 1013 2178 J..
1036 2118 1102 2194 Opi,
1124 2128 1185 2178 tam
1208 2121 1247 2178 ad
1268 2121 1439 2197 genetivum
1462 2139 1509 2178 uc·

177 2219 363 2277 commodari
383 2227 509 2296 possunt
530 2239 619 2297 qnam
642 2220 680 2278 nd
701 2221 831 2292 tertium,
855 2221 989 2278 virorum
1010 2230 1108 2279 eutem
1129 2221 1265 2298 plerique
1286 2221 1317 2278 in
1339 2224 1350 2278 i
1370 2221 1508 2279 finientes

177 2327 240 2377 tam
267 2320 304 2378 ad
325 2321 542 2395 nominativum
566 2339 657 2397 quem
679 2321 718 2379 ad
739 2322 918 2399 genetivum.
961 2323 1004 2379 At
1025 2341 1107 2392 cum,
1136 2330 1215 2380 certe
1242 2322 1404 2380 secundum
1425 2321 1508 2397 leges

176 2421 422 2480 nomenclaturae
443 2421 613 2493 Romanae,
640 2422 812 2482 Satricanus
834 2422 1017 2498 requiretur,
1044 2423 1093 2480 hic
1114 2423 1269 2499 genetivus
1291 2421 1508 2498 intellegendus

177 2529 234 2581 est.
278 2519 467 2598 Quamquam
492 2524 580 2583 titulo
601 2524 696 2582 fracto
717 2523 785 2600 eph.
804 2521 879 2595 129,
904 2523 1018 2600 inquo
1040 2531 1087 2582 est
1109 2514 1248 2616 lienum,
1269 2533 1368 2600 potest
1389 2523 1509 2582 defendi

177 2623 322 2700 gentilicii
343 2625 471 2682 formam
493 2625 718 2684 Praenestinam
741 2615 1067 2686 tuisse'Setricanium.
1111 2624 1171 2684 ΤΗ.
1190 2624 1246 2700 Μ.]

179 2828 247 2890 100
269 2831 443 2892 Praeneste.

677 2933 715 2972 κ·
733 2929 899 2973 snrnvcsru
915 2943 923 2958 ·
939 2931 958 2972 κ
973 2943 980 2958 ·
996 2931 1012 2972 r

179 3067 329 3146 Ectypum
356 3070 440 3128 misit
459 3068 632 3129 Hennenus.
654 3102 693 3112 —
719 3067 818 3142 Quam
844 3069 875 3127 in
902 3068 968 3128 basi
990 3067 1138 3144 quadrata
1158 3069 1265 3144 pineae
1287 3068 1367 3144 apud
1388 3068 1508 3128 Bonan-

179 3171 261 3228 nium
284 3169 577 3248 Trendelenburgins
605 3170 680 3229 vidit
702 3187 867 3230 ...mcum
883 3199 890 3214 ·
907 3186 993 3242 n·1=‚
1020 3177 1071 3228 eut
1097 3169 1171 3228 haec
1198 3177 1245 3228 est
1273 3169 1368 3228 fracta
1395 3178 1448 3227 aut
1474 3188 1510 3228 en

180 3289 258 3349 qnae
279 3272 439 3348 praecedit.

179 3477 271 3540 10·1“
292 3481 323 3539 iu
344 3480 442 3557 pinea.
486 3479 650 3539 Praeneste
672 3479 703 3538 in
724 3480 814 3538 vinea
834 3477 924 3537 Dnm.
948 3476 1086 3538 Oecconi.

739 3585 927 3726 frameam

816 3750 853 3792 L·
868 3750 885 3792 F

180 3889 329 3950 Dedimus
350 3891 389 3950 ed
409 3899 558 3968 ectypum.
601 3889 764 3949 Henzenus
785 3889 868 3947 Ball.
893 3886 972 3947 1866
995 3906 1024 3963 p.
1042 3887 1102 3945 134
1123 3905 1143 3944 a
1162 3886 1202 3946 D.
1223 3886 1382 3947 Bonannio
1404 3906 1510 3965 accep·

182 4001 243 4052 tam
264 3992 359 4052 edidit
381 3993 436 4051 sic:
459 4007 666 4052 msnrnrcsru
679 4033 769 4050 .....

181 4199 247 4262 105
275 4201 308 4260 in
335 4200 401 4259 basi
429 4201 559 4260 rotunde
584 4199 701 4275 pineae.
743 4197 907 4257 Praeneste
928 4195 1072 4256 infundo
1094 4195 1175 4256 dicto
1197 4196 1228 4256 la
1252 4195 1426 4256 Colombelln
1447 4216 1509 4273 rep.

224 4323 263 4362 m.
287 4301 370 4380 Sept.
392 4321 420 4360 a.
438 4302 527 4362 1868.
569 4299 669 4359 Hodie
689 4302 720 4357 ai
736 4302 830 4375 prati.

691 4471 738 4512 Μ·
755 4467 895 4511 suvrmvs
910 4481 918 4496 ·
933 4467 972 4511 C·
989 4467 1005 4510 F

176 4567 346 4672 'Hennenue
368 4611 407 4670 ad
429 4619 568 4689 ectypum
590 4610 715 4669 missum
737 4627 755 4667 a
777 4606 815 4667 D.
838 4605 996 4666 Bonannio
1016 4605 1100 4665 Ball.
1125 4604 1204 4666 1869
1226 4624 1255 4684 p.
1274 4605 1343 4665 166.
1411 4599 1413 4606 '

226 4711 276 4775 cf.
296 4713 408 4786 1‚145.
426 4711 496 4771 146.
908 4722 913 4737 '

181 4920 252 4982 106
273 4921 384 4980 litteris
406 4920 497 4979 solito
518 4919 682 4979 maioribus
702 4918 735 4977 in
754 4917 820 4975 basi
841 4915 988 4993 quadrata
1007 4918 1123 4993 pineae.
1166 4916 1331 4976 Praeneste
1352 4913 1430 4992 apud
1452 4914 1511 4973 Bo·

225 5023 379 5083 nennium.
774 5101 777 5106 1

769 5120 772 5126 “
805 5115 896 5162 save!

183 5241 357 5321 Descripsit
378 5241 632 5321 Trendelenburg.
