3582 5956
375 573 447 644 150
889 579 897 596 ‘
946 588 1128 643 uounsuu

455 763 484 822 3.
526 761 562 820 L.
585 759 768 838 Calpurnius
789 761 863 821 Piso
889 761 996 821 consul
1017 781 1045 820 a.
1060 761 1111 834 57,
1140 760 1220 820 filius
1242 759 1278 820 L.
1302 760 1422 822 Pisonis
1443 764 1570 823 consulis
1592 765 1665 834 all,

371 864 543 923 interiectus
564 863 596 921 in
618 863 721 921 Africa
742 881 768 920 a.
786 863 836 935 69,
857 863 894 922 de
915 882 976 941 quo
997 862 1059 921 dixi
1081 863 1112 921 in
1133 861 1230 922 iudice
1251 863 1391 924 Pliuisno
1412 881 1443 940 p.
1459 864 1530 924 405.

456 964 498 1023 Hi
519 972 580 1023 tres
601 962 640 1023 ad
658 964 790 1023 Atticum
814 963 929 1023 titulum
953 982 1032 1038 eum,
1053 964 1090 1023 de
1111 983 1179 1040 quo·
1194 964 1322 1040 agimus,
1343 983 1396 1042 per
1418 983 1452 1024 se
1473 966 1536 1043 pari
1555 966 1612 1023 iure
1628 967 1666 1024 ad·

372 1066 450 1125 mitti
476 1083 567 1143 posse
589 1066 739 1137 videntum
766 1065 903 1125 similiter
928 1073 961 1124 ut
987 1065 1035 1125 cui
1061 1065 1151 1124 simul
1178 1073 1278 1124 statua
1302 1067 1404 1143 posita
1429 1075 1477 1126 est
1500 1067 1539 1126 M
1559 1066 1665 1127 Licinius

372 1168 413 1226 M.
436 1167 566 1244 tFmgi
587 1175 687 1245 potest
707 1166 803 1225 fuisse
824 1175 855 1226 et
875 1167 979 1225 consul
1000 1185 1027 1224 a.
1044 1166 1083 1225 27
1104 1172 1135 1226 et
1156 1167 1264 1226 consul
1285 1187 1312 1226 a
1330 1167 1378 1226 64.
1415 1165 1573 1226 Videamus
1591 1168 1666 1244 igitur,

372 1289 440 1328 num
469 1271 547 1328 inter
568 1268 623 1326 luas
645 1285 790 1344 personas
812 1285 875 1343 par*
888 1267 1010 1344 aliquod
1031 1268 1200 1345 reperiatur
1220 1269 1264 1327 ita
1284 1269 1490 1343 coniunctum,
1515 1279 1546 1328 ut
1564 1270 1664 1328 necessi·

371 1371 442 1430 tudo
471 1371 685 1429 dubitationem
713 1369 835 1426 eximet.
886 1365 947 1428 Sed
976 1377 1009 1427 ut
1036 1369 1073 1428 de
1101 1369 1159 1428 hac
1186 1369 1406 1430 necessitudine
1434 1379 1514 1428 recte
1540 1371 1665 1439 iudicetur,

370 1479 459 1530 antea
473 1471 631 1531 ridendum
647 1481 702 1543 est,
724 1489 795 1528 num
815 1470 892 1529 sorte
907 1470 1097 1529 determinari
1110 1472 1218 1548 possit,
1239 1479 1307 1530 uter
1320 1489 1425 1544 eorum
1440 1473 1567 1531 virorum
1579 1472 1605 1530 iu
1617 1470 1665 1528 basi

369 1574 424 1632 illa
451 1573 564 1649 duplici
591 1573 691 1630 locum
721 1573 942 1630 honoratiorem
970 1580 1106 1648 occupet.
1124 1571 1130 1582 “
1149 1573 1186 1630 Id
1212 1589 1251 1630 ex
1280 1572 1349 1649 ipsa
1375 1573 1570 1632 collocatione
1593 1570 1664 1631 decidi
1731 1601 1732 1620 .

266 1672 272 1682 “
369 1692 460 1753 posse
488 1674 608 1751 negavit
629 1671 853 1749 Dittenberger3
880 1673 1004 1748 reperiri
1027 1672 1156 1733 Athenis
1181 1675 1271 1734 bases
1297 1671 1372 1732 duas
1399 1672 1489 1732 binas
1510 1680 1613 1733 statuas
1628 1673 1664 1729 he

369 1778 489 1848 beutes,
516 1793 643 1852 quarum
669 1773 765 1833 altere
790 1781 905 1849 patrem
926 1773 1049 1834 Eubioti
1070 1773 1225 1833 cuiusdam
1246 1774 1355 1833 habeat
1375 1774 1505 1834 intuenti
1524 1794 1542 1833 a
1561 1775 1663 1842 sinistre,
1731 1763 1732 1830 l

370 1886 495 1936 matrem
521 1875 653 1935 eiusdem
680 1895 697 1934 a
723 1875 842 1947 dextre,
870 1873 966 1933 altera
985 1877 1113 1934 intuenti
1135 1894 1154 1933 a
1173 1876 1297 1935 sinistra
1319 1873 1480 1934 Claudiam
1501 1875 1663 1934 Athensideu

369 1978 473 2038 nescio
498 1996 603 2055 quam,
631 1996 650 2035 u
677 1976 784 2034 dextre
804 1975 853 2034 Ti.
877 1975 1036 2036 Claudium
1058 1975 1211 2036 Herodem
1233 1977 1368 2035 Atticum
1395 1987 1478 2036 certe
1497 1977 1549 2036 illa
1566 1977 1663 2034 honora·

369 2080 484 2139 tiorem.
527 2079 571 2137 At
595 2079 627 2137 in
653 2080 710 2136 hoc
735 2085 838 2136 nostro
866 2077 952 2136 titulo
977 2077 1109 2155 priorem
1135 2079 1232 2138 locum
1258 2078 1391 2137 obtinere
1414 2079 1512 2138 virum
1531 2079 1664 2137 intuentia

369 2182 491 2241 sinistre
511 2180 639 2259 positum
662 2178 731 2238 inde
751 2179 877 2256 colligo,
905 2177 986 2255 quod
1006 2179 1204 2256 praescriptio
1224 2179 1265 2239 ad
1286 2188 1448 2256 utrumque
1468 2178 1578 2240 titulum
1596 2177 1662 2255 perti·

368 2301 443 2342 neus
472 2280 485 2339 ὃ
508 2275 684 2352 δῆμος·6ιιίο
706 2280 764 2339 soli
786 2279 978 2357 superposita
999 2289 1054 2339 est.
1098 2278 1196 2354 Quam
1211 2281 1256 2340 ob
1276 2300 1340 2340 rem
1360 2281 1524 2357 quaerendi
1544 2291 1604 2340 suut
1620 2279 1662 2336 duo

367 2385 504 2443 homines
525 2391 590 2440 arta
610 2382 791 2442 necessitate
811 2381 973 2452 coniuncti,
994 2398 1121 2458 quorum
1138 2383 1222 2459 prior
1235 2391 1265 2442 et
1278 2383 1378 2459 potior
1390 2383 1559 2461 appelletur
1569 2381 1600 2440 1..
1612 2378 1662 2440 cu-

369 2486 493 2563 purnius
513 2483 550 2546 L.
572 2482 592 2542 t'.
614 2482 700 2554 Piso,
722 2480 799 2541 alter
820 2481 860 2540 M.
882 2482 1017 2541 Licinius
1040 2483 1081 2541 M.
1103 2482 1125 2542 f.
1147 2483 1251 2562 Frugi.
1314 2549 1318 2556 ¹

452 2586 527 2645 Mihi
547 2586 653 2644 harum
674 2583 807 2661 gentium
829 2585 1022 2661 cognationes
1043 2583 1264 2662 affinitatesque
1285 2587 1470 2663 expendenti
1490 2589 1561 2646 duae
1574 2584 1661 2644 coniec-

367 2698 453 2747 turae
477 2705 511 2745 se
537 2681 765 2761 obtulerunt1),
793 2703 919 2761 querum
946 2685 1017 2744 licet
1041 2686 1165 2744 alterum
1192 2686 1287 2745 altera
1306 2689 1536 2765 probsbiliorem
1555 2685 1661 2752 iudieeu,

369 2796 469 2847 tamen
497 2806 534 2845 ne
562 2786 696 2844 fraudem
722 2786 832 2845 iecisse
861 2786 964 2845 videar
991 2787 1143 2847 reticendo
1169 2788 1268 2848 miuus
1296 2789 1498 2865 probabilem,
1528 2801 1661 2866 proponam

368 2897 533 2966 utramque.
576 2888 711 2946 Primum
733 2902 826 2964 supra
846 2887 975 2947 vidimus
997 2888 1037 2946 M.
1054 2885 1161 2948 Crassi
1182 2888 1276 2966 Frugi
1297 2889 1435 2950 consulis
1457 2909 1484 2950 a.
1500 2889 1538 2949 64
1557 2901 1660 2948 sororcn

367 2990 507 3069 nupsisse
527 2988 564 3048 L.
586 2988 693 3048 Pisoni
713 2988 847 3070 pontifici
868 2989 1039 3066 eidemque,
1066 2968 1126 3050 uisi
1147 3001 1252 3050 nostru
1273 3010 1329 3051 uos
1348 2991 1431 3050 fallit
1452 2990 1591 3068 opinatio,
1610 3003 1661 3044 eou-

367 3093 426 3153 suli
451 3110 480 3150 a.
495 3091 545 3150 57.
588 3089 629 3150 Hi
656 3089 716 3149 duo
743 3089 835 3149 freter
863 3091 1039 3169 sororisque
1063 3093 1190 3152 maritus
1215 3110 1275 3151 nou
1295 3093 1396 3169 inepte
1417 3099 1573 3174 potueruut
1589 3085 1660 3146 eidem

367 3187 432 3255 basi
458 3191 586 3270 imponi,
614 3210 669 3251 nec
696 3191 760 3250 sine
786 3209 877 3252 causa
896 3193 1076 3270 praecedere
1097 3193 1123 3251 is
1145 3193 1196 3270 qui
1217 3193 1300 3270 prior
1320 3211 1423 3253 eorum
1447 3193 1486 3254 ad
1506 3189 1660 3254 consulatuu

365 3295 559 3374 pervenisset.
581 3325 620 3336 -
652 3295 694 3351 llt
720 3291 745 3352 si
772 3311 842 3354 vere
869 3311 961 3369 supra
986 3294 1143 3371 posuimus
1168 3293 1205 3353 L.
1227 3293 1370 3354 Pisonem
1399 3293 1551 3355 consulem
1578 3310 1601 3350 a
1617 3283 1659 3346 ut

365 3407 479 3475 patrem
506 3395 672 3454 naturalem
699 3393 792 3454 fuisse
820 3395 861 3454 M.
885 3392 989 3454 Crassi
1012 3394 1106 3473 Frugi
1132 3395 1266 3454 consulis
1291 3414 1320 3455 a.
1336 3395 1387 3468 ut,
1413 3396 1503 3474 longe
1524 3387 1660 3472 spuerit
1729 3383 1730 3452 l

363 3500 528 3577 iunguntur
548 3502 634 3572 pater
654 3502 685 3554 et
705 3495 797 3567 filius,
818 3514 944 3571 eamque
964 3497 1166 3556 coniecturam
1187 3495 1246 3556 iam
1268 3497 1415 3574 praefero.

442 3769 467 3833 ¹)
494 3771 645 3837 Nipperdeii
669 3771 713 3833 (ad
732 3773 795 3822 Tac.
817 3786 876 3823 ann.
896 3771 982 3834 s,1o)
1004 3773 1151 3823 coniectura
1169 3773 1355 3838 intellegendos
1374 3788 1431 3824 esse
1448 3774 1480 3825 1..
1498 3773 1606 3824 Pisonen
1621 3777 1658 3814 cos

365 3877 389 3913 a.
400 3863 452 3913 739
471 3868 496 3911 et
514 3862 552 3912 M.
570 3863 690 3914 Crassum
709 3879 761 3914 cos.
780 3878 804 3913 a.
820 3865 882 3925 740,
902 3879 967 3928 quos
984 3878 1107 3928 generum
1126 3878 1293 3930 socerumque
1312 3879 1367 3914 esse
1385 3871 1468 3929 putat,
1487 3879 1542 3915 eum
1561 3861 1589 3910 iis
1603 3869 1657 3920 argu·

364 3954 457 4004 mentis
475 3953 607 4016 refutatur,
631 3970 697 4020 quae
715 3969 793 4020 supra
810 3955 893 4016 attuli,
914 3962 967 4004 tum
987 3955 1055 4020 quod
1075 3956 1111 4005 ita
1129 3962 1292 4020 praepostere
1309 3970 1389 4020 gener
1406 3969 1498 4006 socero
1514 3949 1658 4019 praeponitur·
1728 4021 1729 4030 ἵ

364 4045 394 4098 si
418 4045 462 4110 qui
485 4043 580 4108 cogitet
596 4045 628 4094 de
647 4045 768 4096 iratribus
785 4046 823 4096 M.
838 4045 931 4097 Crasso
949 4046 1030 4110 Frugi
1049 4062 1101 4097 cos.
1120 4060 1144 4095 a.
1159 4045 1195 4096 64
1213 4052 1239 4096 et
1255 4046 1287 4097 1..
1306 4045 1402 4097 Pisone
1421 4047 1540 4112 adoptato
1557 4037 1656 4094 sthls

361 4137 423 4186 item
447 4135 571 4198 obstabit,
596 4137 666 4201 quod
688 4138 726 4187 ita
748 4137 831 4188 maior
851 4137 932 4187 frater
954 4137 1047 4187 minori
1071 4137 1155 4188 locum
1175 4137 1256 4202 cedit;
1277 4143 1412 4203 praeterea
1430 4137 1548 4189 Pisonem
1564 4146 1612 4184 eun
1627 4123 1656 4176 ll·

361 4227 443 4278 fllium
467 4242 537 4289 esse,
560 4242 612 4278 non
635 4228 709 4278 Lucii
732 4243 809 4293 supra
830 4229 941 4279 uidimus
964 4243 1012 4279 nee
1034 4235 1102 4280 recte
1127 4229 1209 4279 omitti
1234 4229 1317 4293 potuit
1335 4243 1477 4295 cognomen
1496 4215 1655 4293 quodmudv

361 4309 442 4382 κῦριον
459 4319 597 4370 Liciniani.
