3578 5962
488 639 787 694 oasnnvurmuus
805 641 924 694 1111111.
943 642 1020 698 xm.
1348 628 1420 701 277

92 747 142 758 *0⁶-

90 837 179 898 quam
207 817 351 885 affirmet,
380 813 453 872 mibi
481 814 632 874 contrarIa
653 815 801 874 sententia
822 817 917 893 magis
939 817 1046 894 placet.
1084 813 1205 877 Scilicet
1226 837 1292 878 cum
1315 820 1345 880 in
1367 822 1422 882 im·

89 921 181 999 periis
211 919 258 978 sui
286 916 359 976 iuris
385 916 412 976 11
438 915 536 975 honor
561 934 680 995 semper
704 917 881 995 pependerit
907 934 926 976 a
950 918 1166 978 dominantium
1193 921 1316 982 arbitrio
1341 943 1422 984 eum-

90 1043 147 1100 que
175 1030 206 1080 ct
230 1037 316 1098 reges
338 1017 471 1096 Aegypti
498 1025 529 1078 et
548 1019 746 1097 imperatores
768 1019 896 1078 Romani
923 1027 953 1078 et
979 1021 1031 1080 alii
1052 1021 1166 1097 passim
1195 1041 1263 1081 cum
1285 1025 1347 1085 suis
1368 1045 1425 1105 pro

90 1123 187 1182 lubitu
209 1119 470 1192 communicarint,
497 1137 583 1198 reges
605 1122 731 1199 imperio
753 1121 889 1179 Romano
912 1121 1022 1180 subditi
1043 1122 1108 1182 iure
1130 1124 1294 1184 constituto
1316 1130 1423 1188 certis-

90 1243 149 1302 que
165 1225 283 1303 legibus
298 1223 385 1282 dIctis
407 1241 473 1281 cum
496 1221 606 1282 italus
627 1242 814 1283 nummorum
830 1223 1029 1283 feriendorum
1050 1224 1220 1298 retinerent,
1243 1236 1275 1286 ut
1296 1229 1423 1306 impera·

89 1337 173 1386 tores
198 1327 236 1385 iis
257 1331 479 1394 concesserant,
508 1323 602 1383 libero
623 1325 754 1384 nominis
777 1325 855 1384 alius
877 1342 966 1401 quam
989 1325 1035 1385 sui
1058 1329 1186 1386 nummis
1207 1327 1355 1389 inferendi
1376 1351 1423 1391 ar·

89 1430 181 1488 bitrio
203 1428 340 1485 videntur
361 1426 505 1486 caruisse.
539 1422 628 1485 Certe
642 1435 762 1504 praeter
782 1427 837 1486 has
861 1427 1021 1503 dequibus
1044 1429 1162 1506 agimus
1184 1430 1324 1491 mulieres
1345 1433 1422 1492 duae

90 1531 173 1590 solae
196 1531 225 1588 111
249 1529 377 1588 nummis
397 1545 557 1604 regnorum
579 1529 704 1605 Imperio
726 1528 864 1587 Romano
887 1529 1072 1589 subditorum
1095 1541 1277 1606 comparent,
1305 1531 1422 1612 Gapac-

92 1631 177 1710 pyris
191 1632 296 1708 region
309 1648 387 1689 uxor
401 1629 583 1688 MithridatIs
598 1629 647 1688 III
661 1629 741 1707 regis
756 1629 887 1708 Bospori
902 1633 940 1690 ab
955 1650 983 1690 a.
999 1630 1038 1689 42
1054 1631 1094 1689 ad
1108 1650 1134 1690 a
1151 1632 1201 1706 49,
1224 1651 1301 1710 quae
1315 1645 1345 1694 et
1359 1638 1426 1696 sola

92 1735 123 1791 iu
151 1733 190 1792 iis
216 1733 368 1792 invenitur
394 1740 424 1791 et
449 1750 515 1790 cum
543 1731 665 1805 marito,
695 1743 724 1792 et
751 1733 935 1809 Tryphaena
961 1733 1065 1810 regina
1090 1752 1168 1793 uxor
1193 1733 1368 1796 Polemonis
1394 1739 1426 1796 II

92 1835 174 1914 regis
197 1834 302 1906 Ponti,
327 1852 406 1910 qnae
432 1852 491 1892 non
517 1833 666 1892 invenitur
692 1832 748 1893 nisi
771 1853 838 1892 cum
861 1834 984 1906 marito;
1009 1844 1042 1893 et
1067 1843 1099 1895 ut
1120 1835 1227 1894 harum
1249 1837 1317 1898 iura
1337 1839 1426 1900 facile

94 1935 133 1995 ad
154 1936 314 2014 priuilegia
333 1934 468 1996 revocari
493 1943 646 2011 poterunt,
674 1935 716 1994 ita
748 1954 865 1994 summa
897 1937 1044 1995 eiusmodi
1076 1955 1263 1997 nummorum
1289 1943 1425 2016 paucitas

94 2038 148 2097 rix
169 2048 249 2097 recte
270 2037 353 2097 casui
374 2037 530 2096 tribuetur.
547 2069 585 2080 -—
610 2035 698 2110 Quod
720 2037 745 2096 si
764 2035 942 2114 Cleopatrae
964 2038 1021 2096 hoc
1041 2056 1217 2097 concessum
1239 2049 1295 2112 est,
1318 2049 1350 2100 ut
1371 2061 1426 2102 suo

94 2142 158 2199 iure
171 2150 321 2219 regnaret,
342 2140 407 2198 11111
421 2147 530 2216 potest,
552 2157 617 2197 cunr
634 2139 757 2199 annales
773 2140 907 2198 scribant
920 2139 1026 2198 Iubam
1047 2140 1085 2198 ab
1101 2141 1239 2216 Augusto
1260 2150 1290 2199 et
1310 2152 1426 2219 partem

93 2241 178 2320 regni
200 2242 326 2320 paterni,
352 2242 382 2301 id
405 2251 452 2300 est
472 2239 643 2312 Numidiae,
671 2242 824 2317 accepisse
851 2250 881 2300 et
901 2250 1056 2317 praeterea
1077 2259 1201 2318 regnum
1222 2241 1428 2303 Mauretaniae

94 2343 209 2416 (Strab.
235 2345 283 2417 17,
313 2344 341 2416 3,
365 2343 382 2400 7
410 2363 441 2422 p.
462 2341 535 2417 8283
564 2342 625 2401 Dio
647 2343 697 2416 53,
721 2337 790 2420 26),
820 2352 852 2402 ut
876 2343 952 2401 illud
973 2343 1038 2421 ipse
1067 2343 1214 2416 habuerit,
1239 2344 1296 2403 hoc
1322 2346 1426 2404 uxoris

95 2445 230 2517 nomine,
258 2445 311 2505 sed
338 2453 439 2523 potest
465 2445 554 2504 etiam
583 2445 701 2521 utrique
723 2445 842 2523 coniugi
869 2452 964 2503 totum
990 2461 1113 2521 regnum
1136 2448 1286 2505 communi
1306 2448 1427 2507 nomine

95 2547 199 2606 datum
222 2564 299 2607 esse.

180 2646 370 2727 Cleopatram
386 2658 456 2709 ante
470 2648 609 2708 maritum
626 2649 738 2708 obiisse
753 2649 822 2709 inde
836 2658 963 2723 constat,
977 2649 1058 2726 quod
1072 2657 1192 2709 auctore
1208 2648 1338 2728 Iosepho
1353 2650 1429 2728 (aut.

95 2751 161 2812 Iud.
188 2752 236 2823 17,
266 2752 314 2823 13,
336 2751 370 2822 43
396 2750 467 2810 bell.
495 2750 561 2810 Iud.
589 2749 618 2821 2,
647 2751 675 2823 7,
702 2751 737 2828 4)
764 2748 924 2828 Glaphyro
948 2749 1013 2808 filia
1037 2749 1179 2810 Archelai
1207 2753 1287 2830 regis
1309 2750 1429 2830 Cappa-

95 2853 199 2913 dociae
233 2852 370 2911 det'uncto
399 2852 495 2929 primo
527 2852 634 2910 marito
662 2852 837 2912 Alexandro
865 2851 997 2911 Herodis
1030 2853 1093 2911 lilio
1119 2854 1222 2930 nupsit
1246 2853 1341 2914 Iubae
1366 2857 1431 2933 regi

95 2956 301 3015 Mauretaniae
322 2944 421 3029 (Ἰᾶβᾳ
443 2954 498 3009 τῶν
518 2943 636 3018 Λιβύων
656 2945 806 3030 Caram).
837 2953 990 3013 Interemit
1004 2964 1103 3014 autem
1118 2954 1325 3015 Alexandrum
1347 2968 1433 3032 pater

96 3051 236 3116 Herodes
249 3057 333 3115 brevi
348 3064 481 3132 tempore
503 3062 572 3114 ante
587 3073 677 3130 quam
699 3055 763 3132 ipse
785 3063 920 3114 mortuus
942 3061 987 3113 est
1010 3073 1037 3112 a.
1051 3075 1080 3113 u.
1096 3073 1121 3113 c.
1139 3055 1214 3127 750;
1235 3066 1307 3133 post
1326 3077 1352 3115 a.
1370 3058 1431 3117 750

96 3159 191 3236 igitur
206 3156 363 3236 Glaphyrn
377 3157 508 3217 secundo
524 3156 713 3215 matrimonio
730 3156 864 3215 vacabat.
898 3154 1034 3230 Quocum
1050 3155 1197 3226 convenit,
1220 3156 1301 3232 quod
1317 3160 1430 3216 nummi

98 3261 149 3338 qui
184 3259 223 3319 ad
248 3260 429 3337 posteriores
455 3259 548 3318 Iubae
581 3275 676 3317 annos
704 3259 854 3335 pertinent
881 3254 1061 3332 Cleopatrae
1087 3275 1194 3316 nomen
1221 3275 1281 3316 non
1306 3268 1430 3334 ponunt.

99 3361 224 3424 Scilicet
244 3379 382 3421 nummos
404 3361 470 3419 eius
485 3378 595 3418 anuum
616 3360 700 3438 regni
723 3358 911 3419 enuntiantes
932 3377 1000 3416 cum
1021 3375 1081 3416 non
1095 3357 1259 3417 habeamus
1280 3359 1338 3418 nisi
1361 3361 1432 3419 anni

97 3463 145 3524 VI
170 3473 200 3522 et
226 3465 264 3522 ab
292 3481 371 3522 anno
393 3461 505 3520 XXXI
531 3461 569 3520 ad
591 3461 746 3535 XLVIII,
772 3461 857 3520 illum
880 3459 951 3520 anni
973 3459 1062 3531 sexti,
1089 3459 1120 3517 id
1142 3467 1188 3518 est
1209 3479 1236 3518 a.
1260 3479 1289 3518 u.
1311 3478 1336 3519 c.
1361 3461 1432 3533 734,
1502 3501 1509 3514 .

98 3567 257 3643 utriusque
278 3564 413 3643 coniugis
436 3582 544 3622 nomen
566 3563 677 3623 habere
693 3563 782 3622 modo
797 3561 937 3634 vidimus,
958 3560 989 3619 in
1011 3560 1136 3636 reliquis
1151 3562 1231 3621 cusIs
1254 3579 1333 3620 anno
1347 3562 1432 3639 regni

99 3667 231 3739 XXXI,
261 3686 291 3725 u.
317 3684 343 3725 c.
373 3666 433 3726 759
461 3673 491 3724 et
516 3666 656 3742 deinceps
684 3664 769 3724 solus
797 3663 872 3723 Iuba
897 3662 1083 3734 nominatur,
1115 3662 1284 3739 erravitque
1310 3664 1433 3723 omnino

100 3769 280 3841 Muellerus,
307 3787 374 3827 cum
396 3788 425 3845 p.
448 3766 506 3826 108
529 3766 652 3844 Iosephi
678 3767 849 3827 testImonio
875 3765 1011 3845 neglecto
1037 3745 1128 3840 caput
1155 3764 1299 3825 muliebre
1320 3765 1351 3824 in
1374 3783 1434 3825 uno

101 3890 206 3932 eorum
228 3870 298 3929 anni
312 3868 424 3928 XXXI
445 3869 632 3945 propositum
653 3869 773 3929 nomine
793 3869 878 3928 nullo
900 3866 1052 3944 adscripto
1074 3865 1112 3925 ad
1129 3863 1321 3944 Cleopatram
1343 3874 1436 3927 rettu·
1488 3921 1489 3926 ,

100 3971 183 4051 lit¹).
205 4005 246 4016 —
277 3969 453 4047 Glaphyrae
473 3969 648 4030 tribuendus
673 3981 720 4032 est
741 3972 846 4032 titulus
868 3968 997 4029 Athenis
1025 3969 1151 4028 in'arce
1177 3977 1313 4047 repertus
1339 3968 1436 4029 adhuc

101 4076 243 4148 ineditus,
257 4093 346 4151 quem
362 4093 401 4132 ex
412 4071 601 4133 collectaneis
612 4057 825 4133 Kochlerianis
840 4090 954 4131 mecum
970 4069 1200 4130 communicavit
1210 4069 1435 4147 Dittenbergert

671 4205 881 4278 1110111111

657 4307 859 4376 astuterunt

593 4407 843 4480 1111101111

668 4515 799 4568 runata

186 5015 211 5080 ¹)
235 5013 360 5068 Aliredua
377 5014 460 5068 sallat
478 5014 512 5066 ad
530 5029 572 5066 ma
590 5011 693 5079 scripsit
711 5016 788 5076 eaput
805 5008 856 5060 hoc
868 5008 944 5074 longe
963 5007 1082 5060 recedere
1102 5008 1134 5060 ab
1147 5009 1259 5076 Imagine
1273 5007 1436 5074 Cleopatrae,

107 5111 212 5178 qualem
231 5109 371 5160 exhibeant
388 5107 487 5158 nummi
507 5107 578 5167 certi,
597 5105 697 5169 eiquue
716 5103 782 5154 adeo
801 5101 874 5151 virile
893 5101 976 5166 magia
995 5100 1077 5152 videri
1096 5102 1180 5156 simila
1199 5101 1277 5168 capiti
1296 5100 1440 5153 Ptolemaei

109 5217 141 5254 eo
160 5201 232 5270 quod
251 5201 364 5253 cernitur
383 5201 410 5250 111
429 5199 536 5250 denario
556 5214 582 5248 n.
604 5197 656 5249 105
675 5195 755 5246 Iubae
773 5200 800 5244 at
818 5192 969 5244 Ptolemaei.

105 4660 149 4718 sic
172 4657 281 4736 opinor
301 4652 515 4713 restituendus:

105 4877 313 4888 .....-----·

1199 5280 1238 5340 20
