3610 5956
533 620 830 676 onsnnvamorrne
847 620 966 673 arran.
986 621 1039 672 ιιι.
1400 599 1445 672 69

227 794 261 844 ab
280 795 362 845 altero
384 795 477 844 latere:

270 920 389 936 .....
404 883 411 951 Ι
433 886 549 936 liberter.
568 894 594 936 ct
612 901 709 937 servor.
725 883 730 950 Ι
747 887 838 938 domus
857 889 959 952 August
979 884 983 951 Ι
1006 888 1069 952 imp.
1091 886 1164 938 Caes.
1185 886 1239 938 Titi
1257 887 1310 936 divi
1326 882 1330 950 Ι
1348 888 1446 954 Vespa·

270 977 337 1028 niani
356 977 375 1026 i.
394 979 465 1041 Aug.
481 973 486 1039 Ι
503 979 531 1028 in
549 1013 557 1028 .
577 1013 584 1028 .
603 1013 610 1028 .
630 993 648 1028 n
667 1013 674 1028 .
694 1014 701 1029 .
721 979 748 1028 ni
767 977 912 1044 (aequantur
929 979 1030 1028 nomina
1048 977 1229 1045 septendecim).

228 1066 303 1118 Grut.
324 1070 367 1130 10,
386 1069 403 1119 6
422 1059 543 1120 ‘Grutero
563 1069 746 1120 Guteustenins
765 1070 809 1134 qui
826 1070 891 1118 vidit
908 1067 1110 1135 exscripsitque'.

119 1160 238 1221 Primae
270 1163 399 1223 honores
427 1166 634 1241 honorumque
661 1167 834 1226 iterationes
861 1175 922 1224 tam
948 1166 1037 1224 facile
1069 1167 1246 1242 explanabis
1273 1184 1363 1243 quam
1386 1164 1447 1225 Ge·

119 1263 204 1338 ryoni
233 1265 354 1342 aptabis
379 1273 533 1342 petasum3
562 1267 593 1324 in
619 1267 750 1326 secunda
771 1267 968 1344 imperatores
996 1276 1058 1326 tres
1084 1269 1277 1328 intemeratae
1301 1264 1448 1325 Christia-

119 1363 218 1422 nitatis
241 1366 422 1442 signumque
436 1367 578 1426 Herculin
595 1367 716 1427 victorie
738 1368 828 1426 simul
849 1367 1007 1446 splendent
1027 1377 1178 1445 tamquam
1200 1369 1232 1428 in
1246 1370 1349 1428 eodem
1364 1367 1449 1427 caelo

120 1459 172 1523 Sol
193 1473 222 1524 et
236 1463 341 1540 Lnna3
362 1468 451 1528 tertia
467 1469 595 1544 denique
609 1487 724 1528 merum
739 1468 914 1528 miraculum
930 1478 976 1528 est
989 1487 1161 1546 proponens
1176 1470 1206 1528 in
1222 1469 1324 1528 eedem
1340 1487 1450 1528 scaena

119 1563 314 1642 imperatores
342 1567 445 1628 Titum
473 1580 503 1628 et
525 1570 622 1629 Pium.
666 1568 811 1643 Quartam
832 1571 963 1648 reperies
986 1580 1016 1628 et
1035 1570 1274 1647 praescriptione
1293 1577 1323 1629 et
1344 1571 1449 1629 absur-

119 1664 208 1724 ditate
236 1687 342 1744 parem
369 1668 456 1730 Grut.
481 1673 571 1743 1014,
594 1671 622 1729 6.
665 1671 828 1731 Praeterea
849 1672 916 1730 vide
941 1671 1014 1730 mihi
1036 1672 1188 1730 hominem
1216 1670 1370 1743 callidum,
1398 1671 1450 1747 qui

120 1764 291 1844 importuno
318 1770 415 1831 amico
440 1772 477 1831 de
504 1772 598 1832 titulis
624 1773 691 1831 istis
717 1773 879 1848 aliquando
907 1772 1071 1832 sciscitanti
1092 1791 1293 1850 responsurus
1321 1772 1361 1832 sit
1386 1777 1450 1830 tum

120 1885 170 1928 eoa
190 1869 291 1928 denuo
312 1872 409 1932 visum
430 1873 468 1932 iri
490 1891 558 1933 cum
579 1881 647 1932 ruat
666 1874 795 1933 basilica
816 1869 848 1933 S.
871 1872 965 1932 Petri.
1007 1871 1087 1934 Sane
1108 1891 1164 1932 nos
1186 1892 1306 1950 quoque
1328 1889 1450 1950 persua·

121 1987 184 2028 eum
204 1971 353 2032 babemus
375 1982 464 2033 antea
485 1984 564 2054 certe
586 1975 733 2034 neminem
755 1992 808 2034 eoa
830 1975 963 2034 visurum
985 1992 1062 2034 csse.

201 2070 228 2130 2.
265 2074 415 2146 Interea,
442 2093 518 2151 quae
540 2095 579 2134 ex
601 2076 783 2134 Metelliania
805 2074 964 2151 desumpta
985 2073 1203 2135 Gntenetenins
1227 2073 1358 2135 Grutero
1380 2073 1451 2134 sub·

122 2171 208 2245 misit,
229 2191 294 2234 non
317 2177 411 2234 multa
432 2188 511 2250 sunt,
538 2177 621 2254 quod
648 2177 769 2253 quidem
795 2177 888 2236 sciam
915 2176 997 2253 (nam
1025 2177 1138 2235 urbana
1159 2176 1278 2252 aliaque
1299 2175 1453 2251 complura

122 2274 160 2332 ibi
187 2276 285 2334 relata
312 2277 448 2353 equidem
474 2297 531 2356 pro
558 2279 617 2338 mei
642 2278 734 2337 officii
765 2277 875 2336 finibus
902 2296 963 2336 non
990 2277 1028 2334 ad
1054 2277 1197 2336 amussim
1225 2276 1452 2353 pervestigari),

122 2392 196 2451 quae
215 2377 343 2436 redeant
363 2377 394 2437 in
424 2379 604 2438 Metellianis
624 2379 663 2438 iis
689 2397 767 2455 quae
793 2378 883 2438 hodia
910 2387 1080 2453 supersunt.
1125 2375 1185 2438 Sed
1206 2377 1263 2435 hoc
1283 2395 1343 2436 non
1363 2394 1452 2454 urge-

123 2495 196 2550 mus,
216 2497 287 2538 cum
309 2480 374 2538 fieri
392 2482 532 2557 potuerit,
554 2487 587 2538 ut
600 2489 671 2556 poet
685 2478 916 2540 Gutenstenium
931 2496 1003 2556 pars
1017 2478 1259 2537 Metellianorum
1273 2494 1346 2536 casu
1360 2478 1452 2536 inter·

123 2577 194 2638 ierit.
229 2581 275 2640 At
295 2599 333 2638 ex
355 2580 392 2639 iis
414 2600 491 2658 quae
511 2581 555 2639 ibi
576 2580 711 2652 redeunt,
734 2581 937 2658 suspicionem
958 2579 1072 2640 fraudis
1095 2587 1215 2638 movent
1236 2587 1315 2638 certe
1332 2577 1452 2637 Brixia-

123 2698 174 2738 nae
195 2682 273 2740 duee
296 2700 315 2739 a
329 2680 528 2742 Gutenstenio
550 2701 589 2744 ex
611 2682 794 2742 Metellianis
809 2682 976 2758 descriptae
992 2679 1133 2741 Grutaro.
1170 2680 1250 2740 Nam
1263 2679 1453 2756 reperiuntur

124 2781 237 2858 quidem
259 2783 295 2842 in
316 2784 493 2861 corporibus
508 2783 663 2843 Brixianis
678 2783 793 2843 duobus
812 2782 941 2842 servatis
955 2781 1053 2842 adhuc
1065 2783 1143 2842 inter
1158 2782 1331 2841 Metelliana
1345 2779 1453 2839 biblio·

125 2882 407 2957 thecaeVaticanae,
428 2885 484 2944 sed
505 2895 538 2944 ut
558 2886 589 2944 in
610 2885 659 2944 bis
680 2886 819 2963 legantur
838 2886 1043 2956 intemeratae,
1064 2883 1146 2961 apud
1161 2881 1326 2944 Gruterum
1347 2887 1452 2942 auctae

124 2985 333 3046 additamentis
356 2986 452 3046 salsis.
495 2985 663 3063 Utramque
684 2985 860 3064 subscripsi.
940 2983 945 3000 '

219 3107 324 3159 Ibidem
344 3105 450 3172 (legitur
466 3108 494 3158 in
506 3121 606 3158 summo
618 3099 802 3170 iolin‘Bnrni',
876 3107 958 3157 Burni
977 3112 1051 3156 extra
1069 3105 1196 3156 Brixiam.

220 3189 396 3250 seclorum·
418 3199 483 3248 ioue
501 3200 612 3264 perena
629 3200 664 3249 ιι
687 3199 715 3250 ιι
732 3199 803 3264 quoa

220 3290 343 3354 proxime
362 3290 495 3356 praecedit
508 3282 544 3340 ‘in
563 3291 682 3342 Faustini
700 3303 803 3340 monas·

221 3371 316 3442 terio').
463 3381 598 3432 Minervae
1077 3380 1211 3430 Minervas

476 3472 581 3537 August
1094 3453 1211 3536 August·

439 3563 502 3616 sex.
521 3562 623 3628 Duglm
1045 3525 1108 3578 Sex.
1127 3525 1244 3575 Drunrus

1096 3597 1193 3648 Valens

440 3654 562 3704 valentio
581 3654 621 3706 vl
1049 3671 1090 3722 Ἦ
1108 3671 1149 3720 ,qr
1166 3671 1235 3733 Aug,

439 3746 480 3795 vir
553 3747 622 3796 An.
1107 3743 1133 3794 d.
1153 3743 1180 3794 d.

221 3835 413 3888 lletsllnseod.
427 3837 487 3886 Vat.
501 3836 572 3887 6033
586 3759 687 3887 184031
706 3835 798 3888 Paullo
873 3835 948 3888 Grnt.
974 3837 1018 3896 31,
1044 3836 1060 3886 b
1088 3825 1129 3886 ‘ax
1155 3849 1204 3884 nra.
1228 3831 1327 3884 Metelli
1353 3829 1451 3882 euren-

277 3931 380 3982 ‹liverss
398 3931 457 3982 cod.
474 3933 536 3982 vat
556 3931 628 3982 6033
647 3931 666 3982 i.
687 3931 749 3982 154.
928 3921 1043 3978 stcnlur'.

223 4085 333 4136 Ibidem.
485 4157 511 4207 d,
1026 4080 1110 4130 lllxtra
1127 4076 1255 4129 Brixiam.

560 4171 596 4208 m.

428 4247 486 4300 Pan
594 4249 650 4298 tino
1022 4243 1079 4294 Pan
1105 4255 1185 4297 atra-
1210 4240 1266 4290 tino

444 4345 485 4390 ret
520 4353 564 4395 aar
590 4339 657 4389 lario
1030 4333 1081 4384 reti
1104 4347 1186 4390 prem
1211 4331 1267 4381 arlo
1305 4365 1308 4372 ,

409 4433 488 4498 quivi
504 4437 578 4488 tornae
595 4429 678 4480 xitan
997 4425 1041 4490 qni
1053 4425 1079 4474 vi
1101 4425 1134 4462 ‘⁸²
1148 4420 1190 4460 ’Μ
1211 4421 1297 4472 xitan

438 4539 486 4574 nos
594 4521 692 4574 xxm
1031 4529 1079 4565 nos
1109 4502 1184 4554 ΜΟ
1210 4511 1308 4565 xxm

390 4615 489 4666 m.1111
596 4613 668 4664 natio
1012 4622 1046 4656 m.
1065 4607 1122 4659 1111
1158 4605 1184 4655 d.
1228 4603 1282 4656 vn

435 4707 507 4770 Fryx
530 4717 631 4770 pugnar
1063 4698 1134 4746 natio
1158 4697 1230 4760 Fryx

415 4813 460 4847 um
483 4798 510 4847 V
534 4797 650 4860 Ingenua
1067 4802 1176 4852 pugnar.
1198 4788 1225 4837 V

423 4889 510 4954 posuit
540 4883 642 4951 coniugi
1003 4879 1119 4944 Ingenua
1137 4878 1224 4943 posuit
1242 4891 1290 4928 con

425 4978 489 5029 karo
509 4993 566 5029 cnm
586 4992 637 5042 qno
968 4971 1022 5036 iugi
1040 4970 1105 5021 karo
1123 4985 1182 5021 enm
1201 4984 1252 5034 quo
1270 4967 1323 5016 vix.

417 5070 483 5120 vixit
495 5068 651 5120 an.Vm.11
994 5075 1036 5112 an.
1054 5063 1081 5112 V
1099 5077 1134 5111 m.
1153 5061 1181 5112 11
1200 5059 1226 5109 d.
1245 5057 1299 5108 vn

228 5161 347 5212 lietcllnr
365 5157 692 5213 οοά.11ιι60331.405.
710 5157 804 5209 Pullo
877 5153 952 5206 (irat
972 5153 1034 5216 ³33,
1049 5153 1066 5203 s
1082 5143 1308 5205 'maniano
1327 5143 1384 5197 aod.
1403 5157 1452 5193 nra.

283 5252 382 5304 divam
401 5253 459 5304 cod.
478 5251 550 5304 6038
569 5249 589 5302 1.
605 5247 667 5301 153.
939 5235 1055 5296 noant.
