<?xml version="1.0" encoding="UTF-8"?>
<!DOCTYPE html PUBLIC "-//W3C//DTD XHTML 1.0 Transitional//EN"
    "http://www.w3.org/TR/xhtml1/DTD/xhtml1-transitional.dtd">
<html xmlns="http://www.w3.org/1999/xhtml" xml:lang="en" lang="en">
 <head>
  <title>
</title>
<meta http-equiv="Content-Type" content="text/html;charset=utf-8" />
  <meta name='ocr-system' content='tesseract 3.04.00' />
  <meta name='ocr-capabilities' content='ocr_page ocr_carea ocr_par ocr_line ocrx_word'/>
</head>
<body>
  <div class='ocr_page' id='page_1' title='image "./ephemerisepigra19instgoog_0160.png"; bbox 0 0 3546 5950; ppageno 0'>
   <div class='ocr_carea' id='block_1_1' title="bbox 509 569 1430 645">
    <p class='ocr_par' dir='ltr' id='par_1_1' title="bbox 509 569 1430 645">
     <span class='ocr_line' id='line_1_1' title="bbox 509 569 1430 645; baseline -0.005 0"><span class='ocrx_word' id='word_1_1' title='bbox 509 591 808 645; x_wconf 75' lang='lat' dir='ltr'>onsunvsuronee</span> <span class='ocrx_word' id='word_1_2' title='bbox 825 589 944 642; x_wconf 76' lang='lat' dir='ltr'>neren.</span> <span class='ocrx_word' id='word_1_3' title='bbox 964 589 1029 640; x_wconf 85' lang='lat' dir='ltr'>vn.</span> <span class='ocrx_word' id='word_1_4' title='bbox 1360 569 1430 641; x_wconf 78' lang='grc'>138</span> 
     </span>
    </p>
   </div>
   <div class='ocr_carea' id='block_1_2' title="bbox 26 760 1436 1348">
    <p class='ocr_par' dir='ltr' id='par_1_2' title="bbox 26 760 1436 1348">
     <span class='ocr_line' id='line_1_2' title="bbox 108 760 1434 844; baseline -0.007 -18"><span class='ocrx_word' id='word_1_5' title='bbox 108 769 154 828; x_wconf 81' lang='lat' dir='ltr'>Ex</span> <span class='ocrx_word' id='word_1_6' title='bbox 180 785 305 844; x_wconf 86' lang='lat' dir='ltr'>corpore</span> <span class='ocrx_word' id='word_1_7' title='bbox 329 765 432 842; x_wconf 90' lang='lat' dir='ltr'>aliquo</span> <span class='ocrx_word' id='word_1_8' title='bbox 457 765 600 836; x_wconf 88' lang='lat' dir='ltr'>militum,</span> <span class='ocrx_word' id='word_1_9' title='bbox 626 765 756 823; x_wconf 84' lang='lat' dir='ltr'>maxime</span> <span class='ocrx_word' id='word_1_10' title='bbox 777 783 794 822; x_wconf 90' lang='lat' dir='ltr'>e</span> <span class='ocrx_word' id='word_1_11' title='bbox 816 763 934 842; x_wconf 83' lang='lat' dir='ltr'>legione</span> <span class='ocrx_word' id='word_1_12' title='bbox 955 762 1058 838; x_wconf 90' lang='lat' dir='ltr'>aliqua</span> <span class='ocrx_word' id='word_1_13' title='bbox 1078 761 1171 820; x_wconf 92' lang='lat' dir='ltr'>lectos</span> <span class='ocrx_word' id='word_1_14' title='bbox 1203 761 1241 819; x_wconf 89' lang='lat' dir='ltr'>ad</span> <span class='ocrx_word' id='word_1_15' title='bbox 1268 760 1434 838; x_wconf 86' lang='lat' dir='ltr'>expeditio·</span> 
     </span>
     <span class='ocr_line' id='line_1_3' title="bbox 26 861 1435 956; baseline -0.005 -27"><span class='ocrx_word' id='word_1_16' title='bbox 26 951 28 956; x_wconf 68' lang='lat'>,</span> <span class='ocrx_word' id='word_1_17' title='bbox 109 889 173 928; x_wconf 91' lang='lat' dir='ltr'>nem</span> <span class='ocrx_word' id='word_1_18' title='bbox 199 867 420 944; x_wconf 77' lang='lat' dir='ltr'>suscipiendam</span> <span class='ocrx_word' id='word_1_19' title='bbox 449 866 594 944; x_wconf 86' lang='lat' dir='ltr'>appellari</span> <span class='ocrx_word' id='word_1_20' title='bbox 616 865 791 925; x_wconf 80' lang='lat' dir='ltr'>vexillarios</span> <span class='ocrx_word' id='word_1_21' title='bbox 814 872 917 924; x_wconf 88' lang='lat' dir='ltr'>notum</span> <span class='ocrx_word' id='word_1_22' title='bbox 939 872 985 924; x_wconf 92' lang='lat' dir='ltr'>est</span> <span class='ocrx_word' id='word_1_23' title='bbox 995 862 1039 939; x_wconf 89' lang='lat'>¹),</span> <span class='ocrx_word' id='word_1_24' title='bbox 1067 863 1139 924; x_wconf 91' lang='lat' dir='ltr'>item</span> <span class='ocrx_word' id='word_1_25' title='bbox 1160 863 1350 940; x_wconf 89' lang='lat' dir='ltr'>praepositos</span> <span class='ocrx_word' id='word_1_26' title='bbox 1372 861 1435 922; x_wconf 81' lang='lat' dir='ltr'>sere</span> 
     </span>
     <span class='ocr_line' id='line_1_4' title="bbox 109 963 1435 1046; baseline -0.008 -16"><span class='ocrx_word' id='word_1_27' title='bbox 109 981 139 1030; x_wconf 88' lang='lat' dir='ltr'>ut</span> <span class='ocrx_word' id='word_1_28' title='bbox 162 970 252 1030; x_wconf 86' lang='lat' dir='ltr'>duces</span> <span class='ocrx_word' id='word_1_29' title='bbox 277 968 423 1046; x_wconf 90' lang='lat' dir='ltr'>appellari</span> <span class='ocrx_word' id='word_1_30' title='bbox 450 985 518 1042; x_wconf 88' lang='lat' dir='ltr'>eos,</span> <span class='ocrx_word' id='word_1_31' title='bbox 543 968 595 1044; x_wconf 88' lang='lat' dir='ltr'>qai</span> <span class='ocrx_word' id='word_1_32' title='bbox 620 966 786 1026; x_wconf 80' lang='lat' dir='ltr'>vexillariis</span> <span class='ocrx_word' id='word_1_33' title='bbox 812 965 874 1024; x_wconf 87' lang='lat' dir='ltr'>illis</span> <span class='ocrx_word' id='word_1_34' title='bbox 898 985 954 1042; x_wconf 93' lang='lat' dir='ltr'>pro</span> <span class='ocrx_word' id='word_1_35' title='bbox 981 973 1114 1040; x_wconf 88' lang='lat' dir='ltr'>tempore</span> <span class='ocrx_word' id='word_1_36' title='bbox 1140 973 1297 1040; x_wconf 78' lang='lat' dir='ltr'><strong>praesunt,</strong></span> <span class='ocrx_word' id='word_1_37' title='bbox 1325 963 1435 1022; x_wconf 90' lang='lat' dir='ltr'>sedat</span> 
     </span>
     <span class='ocr_line' id='line_1_5' title="bbox 108 1049 1436 1149; baseline -0.007 -19"><span class='ocrx_word' id='word_1_38' title='bbox 108 1072 189 1132; x_wconf 91' lang='lat' dir='ltr'>ducis</span> <span class='ocrx_word' id='word_1_39' title='bbox 216 1070 380 1149; x_wconf 86' lang='lat' dir='ltr'>appellatio</span> <span class='ocrx_word' id='word_1_40' title='bbox 405 1069 648 1129; x_wconf 85' lang='lat' dir='ltr'>honorificentior</span> <span class='ocrx_word' id='word_1_41' title='bbox 674 1067 711 1126; x_wconf 92' lang='lat' dir='ltr'>de</span> <span class='ocrx_word' id='word_1_42' title='bbox 739 1066 881 1126; x_wconf 85' lang='lat' dir='ltr'>senatorii</span> <span class='ocrx_word' id='word_1_43' title='bbox 906 1066 1020 1126; x_wconf 86' lang='lat' dir='ltr'>ordinis</span> <span class='ocrx_word' id='word_1_44' title='bbox 1041 1065 1114 1126; x_wconf 87' lang='lat' dir='ltr'>viris</span> <span class='ocrx_word' id='word_1_45' title='bbox 1139 1049 1323 1142; x_wconf 84' lang='lat' dir='ltr'>frequentius</span> <span class='ocrx_word' id='word_1_46' title='bbox 1349 1080 1436 1122; x_wconf 90' lang='lat' dir='ltr'>usur·</span> 
     </span>
     <span class='ocr_line' id='line_1_6' title="bbox 109 1163 1435 1249; baseline -0.005 -21"><span class='ocrx_word' id='word_1_47' title='bbox 109 1179 202 1248; x_wconf 88' lang='lat' dir='ltr'>petar,</span> <span class='ocrx_word' id='word_1_48' title='bbox 229 1171 394 1249; x_wconf 77' lang='lat' dir='ltr'>praepositi</span> <span class='ocrx_word' id='word_1_49' title='bbox 420 1172 520 1230; x_wconf 90' lang='lat' dir='ltr'>minus</span> <span class='ocrx_word' id='word_1_50' title='bbox 545 1169 703 1247; x_wconf 89' lang='lat' dir='ltr'>splendida</span> <span class='ocrx_word' id='word_1_51' title='bbox 727 1169 904 1247; x_wconf 90' lang='lat' dir='ltr'>plerumque</span> <span class='ocrx_word' id='word_1_52' title='bbox 921 1169 969 1232; x_wconf 72' lang='lat' dir='ltr'>,ad</span> <span class='ocrx_word' id='word_1_53' title='bbox 993 1167 1139 1243; x_wconf 89' lang='lat' dir='ltr'>equestris</span> <span class='ocrx_word' id='word_1_54' title='bbox 1162 1166 1277 1226; x_wconf 86' lang='lat' dir='ltr'>ordinis</span> <span class='ocrx_word' id='word_1_55' title='bbox 1299 1163 1435 1226; x_wconf 88' lang='lat' dir='ltr'>homines</span> 
     </span>
     <span class='ocr_line' id='line_1_7' title="bbox 109 1271 299 1348; baseline -0.016 -15"><span class='ocrx_word' id='word_1_56' title='bbox 109 1271 299 1348; x_wconf 62' lang='lat' dir='ltr'>reseraturt).</span> 
     </span>
    </p>
   </div>
   <div class='ocr_carea' id='block_1_3' title="bbox 109 1368 1441 3007">
    <p class='ocr_par' dir='ltr' id='par_1_3' title="bbox 264 1368 849 1470">
     <span class='ocr_line' id='line_1_8' title="bbox 264 1368 849 1470; baseline -0.007 -24"><span class='ocrx_word' id='word_1_57' title='bbox 264 1375 321 1446; x_wconf 77' lang='lat'>12.</span> <span class='ocrx_word' id='word_1_58' title='bbox 376 1370 509 1446; x_wconf 87' lang='lat' dir='ltr'>Oomes</span> <span class='ocrx_word' id='word_1_59' title='bbox 536 1369 695 1470; x_wconf 80' lang='lat' dir='ltr'>Augusti</span> <span class='ocrx_word' id='word_1_60' title='bbox 721 1368 849 1444; x_wconf 84' lang='lat' dir='ltr'>nostri.</span> 
     </span>
    </p>

    <p class='ocr_par' dir='ltr' id='par_1_4' title="bbox 109 1463 1441 2687">
     <span class='ocr_line' id='line_1_9' title="bbox 188 1463 1435 1571; baseline -0.008 -19"><span class='ocrx_word' id='word_1_61' title='bbox 188 1493 259 1552; x_wconf 90' lang='lat' dir='ltr'>Hoc</span> <span class='ocrx_word' id='word_1_62' title='bbox 280 1494 429 1571; x_wconf 87' lang='lat' dir='ltr'>pertinere</span> <span class='ocrx_word' id='word_1_63' title='bbox 451 1502 482 1553; x_wconf 88' lang='lat' dir='ltr'>et</span> <span class='ocrx_word' id='word_1_64' title='bbox 502 1494 601 1570; x_wconf 89' lang='lat' dir='ltr'>ipsum</span> <span class='ocrx_word' id='word_1_65' title='bbox 623 1491 661 1550; x_wconf 91' lang='lat' dir='ltr'>ad</span> <span class='ocrx_word' id='word_1_66' title='bbox 675 1491 897 1569; x_wconf 80' lang='lat' dir='ltr'>expeditionem</span> <span class='ocrx_word' id='word_1_67' title='bbox 913 1487 1124 1548; x_wconf 87' lang='lat' dir='ltr'>Germanicam</span> <span class='ocrx_word' id='word_1_68' title='bbox 1139 1463 1228 1546; x_wconf 90' lang='lat' dir='ltr'>modo</span> <span class='ocrx_word' id='word_1_69' title='bbox 1245 1486 1384 1544; x_wconf 85' lang='lat' dir='ltr'>vidimus.</span> <span class='ocrx_word' id='word_1_70' title='bbox 1398 1517 1435 1528; x_wconf 89' lang='grc'>-</span> 
     </span>
     <span class='ocr_line' id='line_1_10' title="bbox 109 1587 1438 1670; baseline -0.008 -17"><span class='ocrx_word' id='word_1_71' title='bbox 109 1595 192 1670; x_wconf 79' lang='lat' dir='ltr'>Quae</span> <span class='ocrx_word' id='word_1_72' title='bbox 214 1596 252 1654; x_wconf 87' lang='lat' dir='ltr'>de</span> <span class='ocrx_word' id='word_1_73' title='bbox 274 1596 434 1654; x_wconf 83' lang='lat' dir='ltr'>comitibus</span> <span class='ocrx_word' id='word_1_74' title='bbox 455 1603 486 1654; x_wconf 90' lang='lat' dir='ltr'>et</span> <span class='ocrx_word' id='word_1_75' title='bbox 507 1595 640 1654; x_wconf 90' lang='lat' dir='ltr'>melioris</span> <span class='ocrx_word' id='word_1_76' title='bbox 661 1591 812 1668; x_wconf 70' lang='lat' dir='ltr'>sentiet)</span> <span class='ocrx_word' id='word_1_77' title='bbox 836 1599 866 1651; x_wconf 91' lang='lat' dir='ltr'>et</span> <span class='ocrx_word' id='word_1_78' title='bbox 880 1588 1188 1665; x_wconf 65' lang='lat' dir='ltr'>constantinianus)</span> <span class='ocrx_word' id='word_1_79' title='bbox 1211 1587 1283 1646; x_wconf 95' lang='lat' dir='ltr'>alibi</span> <span class='ocrx_word' id='word_1_80' title='bbox 1299 1587 1438 1663; x_wconf 79' lang='lat' dir='ltr'>exposui,</span> 
     </span>
     <span class='ocr_line' id='line_1_11' title="bbox 110 1690 1437 1774; baseline -0.008 -20"><span class='ocrx_word' id='word_1_81' title='bbox 110 1715 166 1756; x_wconf 90' lang='lat' dir='ltr'>non</span> <span class='ocrx_word' id='word_1_82' title='bbox 184 1706 334 1774; x_wconf 79' lang='lat' dir='ltr'>repetam:</span> <span class='ocrx_word' id='word_1_83' title='bbox 357 1697 414 1755; x_wconf 91' lang='lat' dir='ltr'>hoo</span> <span class='ocrx_word' id='word_1_84' title='bbox 435 1696 544 1755; x_wconf 85' lang='lat' dir='ltr'>addam</span> <span class='ocrx_word' id='word_1_85' title='bbox 565 1696 625 1755; x_wconf 89' lang='lat' dir='ltr'>iam</span> <span class='ocrx_word' id='word_1_86' title='bbox 647 1694 735 1753; x_wconf 87' lang='lat' dir='ltr'>tertio</span> <span class='ocrx_word' id='word_1_87' title='bbox 757 1693 877 1752; x_wconf 87' lang='lat' dir='ltr'>saeculo</span> <span class='ocrx_word' id='word_1_88' title='bbox 899 1690 1024 1750; x_wconf 87' lang='lat' dir='ltr'>inveniri</span> <span class='ocrx_word' id='word_1_89' title='bbox 1046 1693 1172 1766; x_wconf 85' lang='lat' dir='ltr'>comitem</span> <span class='ocrx_word' id='word_1_90' title='bbox 1194 1691 1375 1748; x_wconf 83' lang='lat' dir='ltr'>domesticum</span> <span class='ocrx_word' id='word_1_91' title='bbox 1391 1705 1437 1744; x_wconf 89' lang='lat' dir='ltr'>or·</span> 
     </span>
     <span class='ocr_line' id='line_1_12' title="bbox 111 1787 1439 1875; baseline -0.009 -19"><span class='ocrx_word' id='word_1_92' title='bbox 111 1801 182 1858; x_wconf 74' lang='lat' dir='ltr'>diris</span> <span class='ocrx_word' id='word_1_93' title='bbox 199 1801 293 1875; x_wconf 83' lang='lat' dir='ltr'>primi</span> <span class='ocrx_word' id='word_1_94' title='bbox 312 1797 348 1856; x_wconf 90' lang='lat' dir='ltr'>L.</span> <span class='ocrx_word' id='word_1_95' title='bbox 371 1797 544 1858; x_wconf 87' lang='lat' dir='ltr'>Nummium</span> <span class='ocrx_word' id='word_1_96' title='bbox 565 1796 710 1855; x_wconf 83' lang='lat' dir='ltr'>Albinum</span> <span class='ocrx_word' id='word_1_97' title='bbox 731 1794 884 1853; x_wconf 89' lang='lat' dir='ltr'>consulem</span> <span class='ocrx_word' id='word_1_98' title='bbox 904 1791 1087 1851; x_wconf 89' lang='lat' dir='ltr'>ordinarium</span> <span class='ocrx_word' id='word_1_99' title='bbox 1110 1787 1385 1863; x_wconf 58' lang='grc'>8246818635),</span> <span class='ocrx_word' id='word_1_100' title='bbox 1407 1787 1439 1844; x_wconf 91' lang='lat' dir='ltr'>in</span> 
     </span>
     <span class='ocr_line' id='line_1_13' title="bbox 111 1887 1440 1976; baseline -0.008 -20"><span class='ocrx_word' id='word_1_101' title='bbox 111 1899 193 1958; x_wconf 88' lang='lat' dir='ltr'>titulo</span> <span class='ocrx_word' id='word_1_102' title='bbox 207 1906 319 1973; x_wconf 69' lang='lat' dir='ltr'>minen,</span> <span class='ocrx_word' id='word_1_103' title='bbox 341 1899 392 1976; x_wconf 89' lang='lat' dir='ltr'>qui</span> <span class='ocrx_word' id='word_1_104' title='bbox 413 1898 598 1975; x_wconf 89' lang='lat' dir='ltr'>aliquantum</span> <span class='ocrx_word' id='word_1_105' title='bbox 621 1901 836 1972; x_wconf 87' lang='lat' dir='ltr'>postmortem</span> <span class='ocrx_word' id='word_1_106' title='bbox 859 1894 1013 1954; x_wconf 87' lang='lat' dir='ltr'>dedicatus</span> <span class='ocrx_word' id='word_1_107' title='bbox 1036 1910 1103 1952; x_wconf 89' lang='lat' dir='ltr'>esse</span> <span class='ocrx_word' id='word_1_108' title='bbox 1119 1891 1254 1950; x_wconf 90' lang='lat' dir='ltr'>videatur</span> <span class='ocrx_word' id='word_1_109' title='bbox 1276 1899 1307 1948; x_wconf 88' lang='lat' dir='ltr'>et</span> <span class='ocrx_word' id='word_1_110' title='bbox 1327 1887 1440 1964; x_wconf 87' lang='lat' dir='ltr'>aliquid</span> 
     </span>
     <span class='ocr_line' id='line_1_14' title="bbox 111 1989 1439 2078; baseline -0.011 -17"><span class='ocrx_word' id='word_1_111' title='bbox 111 2002 241 2061; x_wconf 82' lang='lat' dir='ltr'>traxisse</span> <span class='ocrx_word' id='word_1_112' title='bbox 261 2020 302 2060; x_wconf 86' lang='lat' dir='ltr'>ex</span> <span class='ocrx_word' id='word_1_113' title='bbox 323 2000 523 2061; x_wconf 89' lang='lat' dir='ltr'>looutionibns</span> <span class='ocrx_word' id='word_1_114' title='bbox 545 1998 653 2078; x_wconf 85' lang='lat' dir='ltr'>aetatis</span> <span class='ocrx_word' id='word_1_115' title='bbox 676 1995 872 2074; x_wconf 68' lang='lat' dir='ltr'>sequiorist).</span> <span class='ocrx_word' id='word_1_116' title='bbox 916 1993 996 2056; x_wconf 84' lang='lat' dir='ltr'>Sane</span> <span class='ocrx_word' id='word_1_117' title='bbox 1017 1993 1106 2052; x_wconf 89' lang='lat' dir='ltr'>trium</span> <span class='ocrx_word' id='word_1_118' title='bbox 1128 1990 1266 2050; x_wconf 90' lang='lat' dir='ltr'>ordinum</span> <span class='ocrx_word' id='word_1_119' title='bbox 1288 1989 1439 2049; x_wconf 89' lang='lat' dir='ltr'>distinctio</span> 
     </span>
     <span class='ocr_line' id='line_1_15' title="bbox 110 2089 1440 2178; baseline -0.009 -18"><span class='ocrx_word' id='word_1_120' title='bbox 110 2120 161 2177; x_wconf 92' lang='lat' dir='ltr'>per</span> <span class='ocrx_word' id='word_1_121' title='bbox 185 2121 218 2162; x_wconf 87' lang='lat' dir='ltr'>sc</span> <span class='ocrx_word' id='word_1_122' title='bbox 248 2103 323 2162; x_wconf 88' lang='lat' dir='ltr'>satis</span> <span class='ocrx_word' id='word_1_123' title='bbox 349 2102 472 2178; x_wconf 88' lang='lat' dir='ltr'>antiqua</span> <span class='ocrx_word' id='word_1_124' title='bbox 496 2119 563 2160; x_wconf 90' lang='lat' dir='ltr'>cum</span> <span class='ocrx_word' id='word_1_125' title='bbox 588 2099 724 2178; x_wconf 85' lang='lat' dir='ltr'>legitima</span> <span class='ocrx_word' id='word_1_126' title='bbox 747 2099 827 2157; x_wconf 83' lang='lat' dir='ltr'>sacta</span> <span class='ocrx_word' id='word_1_127' title='bbox 853 2095 893 2155; x_wconf 90' lang='lat' dir='ltr'>sit</span> <span class='ocrx_word' id='word_1_128' title='bbox 919 2114 973 2173; x_wconf 93' lang='lat' dir='ltr'>per</span> <span class='ocrx_word' id='word_1_129' title='bbox 995 2092 1225 2154; x_wconf 81' lang='lat' dir='ltr'>Constantinum</span> <span class='ocrx_word' id='word_1_130' title='bbox 1247 2092 1382 2162; x_wconf 90' lang='lat' dir='ltr'>demum,</span> <span class='ocrx_word' id='word_1_131' title='bbox 1407 2089 1440 2148; x_wconf 90' lang='lat' dir='ltr'>in</span> 
     </span>
     <span class='ocr_line' id='line_1_16' title="bbox 110 2191 1438 2280; baseline -0.01 -19"><span class='ocrx_word' id='word_1_132' title='bbox 110 2203 201 2263; x_wconf 89' lang='lat' dir='ltr'>titulis</span> <span class='ocrx_word' id='word_1_133' title='bbox 230 2203 283 2262; x_wconf 95' lang='lat' dir='ltr'>illo</span> <span class='ocrx_word' id='word_1_134' title='bbox 309 2202 375 2262; x_wconf 91' lang='lat' dir='ltr'>solo</span> <span class='ocrx_word' id='word_1_135' title='bbox 400 2212 526 2280; x_wconf 83' lang='lat' dir='ltr'>excepto</span> <span class='ocrx_word' id='word_1_136' title='bbox 553 2209 614 2260; x_wconf 89' lang='lat' dir='ltr'>tres</span> <span class='ocrx_word' id='word_1_137' title='bbox 640 2200 760 2260; x_wconf 89' lang='lat' dir='ltr'>ordines</span> <span class='ocrx_word' id='word_1_138' title='bbox 786 2219 805 2257; x_wconf 91' lang='lat' dir='ltr'>a</span> <span class='ocrx_word' id='word_1_139' title='bbox 825 2203 931 2275; x_wconf 89' lang='lat' dir='ltr'>quarte</span> <span class='ocrx_word' id='word_1_140' title='bbox 953 2197 1072 2255; x_wconf 90' lang='lat' dir='ltr'>demum</span> <span class='ocrx_word' id='word_1_141' title='bbox 1095 2193 1215 2253; x_wconf 84' lang='lat' dir='ltr'>saeculo</span> <span class='ocrx_word' id='word_1_142' title='bbox 1237 2191 1438 2252; x_wconf 88' lang='lat' dir='ltr'>enuntiantur.</span> 
     </span>
     <span class='ocr_line' id='line_1_17' title="bbox 111 2291 1438 2380; baseline -0.013 -14"><span class='ocrx_word' id='word_1_143' title='bbox 111 2303 238 2366; x_wconf 83' lang='lat' dir='ltr'>Comitis</span> <span class='ocrx_word' id='word_1_144' title='bbox 258 2305 414 2365; x_wconf 85' lang='lat' dir='ltr'>domestici</span> <span class='ocrx_word' id='word_1_145' title='bbox 433 2313 532 2364; x_wconf 89' lang='lat' dir='ltr'>autem</span> <span class='ocrx_word' id='word_1_146' title='bbox 553 2301 717 2380; x_wconf 85' lang='lat' dir='ltr'>appellatio</span> <span class='ocrx_word' id='word_1_147' title='bbox 739 2300 818 2360; x_wconf 88' lang='lat' dir='ltr'>haud</span> <span class='ocrx_word' id='word_1_148' title='bbox 841 2298 905 2358; x_wconf 90' lang='lat' dir='ltr'>scio</span> <span class='ocrx_word' id='word_1_149' title='bbox 925 2317 964 2358; x_wconf 90' lang='lat' dir='ltr'>an</span> <span class='ocrx_word' id='word_1_150' title='bbox 978 2298 1010 2356; x_wconf 91' lang='lat' dir='ltr'>in</span> <span class='ocrx_word' id='word_1_151' title='bbox 1023 2297 1083 2356; x_wconf 89' lang='lat' dir='ltr'>hoe</span> <span class='ocrx_word' id='word_1_152' title='bbox 1098 2295 1165 2356; x_wconf 89' lang='lat' dir='ltr'>solo</span> <span class='ocrx_word' id='word_1_153' title='bbox 1180 2293 1266 2352; x_wconf 91' lang='lat' dir='ltr'>titulo</span> <span class='ocrx_word' id='word_1_154' title='bbox 1280 2291 1438 2369; x_wconf 70' lang='lat' dir='ltr'>legaturl)</span> 
     </span>
     <span class='ocr_line' id='line_1_18' title="bbox 109 2395 1441 2483; baseline -0.013 -17"><span class='ocrx_word' id='word_1_155' title='bbox 109 2407 346 2482; x_wconf 86' lang='lat' dir='ltr'>crediderimque</span> <span class='ocrx_word' id='word_1_156' title='bbox 372 2405 469 2483; x_wconf 81' lang='lat' dir='ltr'>magis</span> <span class='ocrx_word' id='word_1_157' title='bbox 498 2404 700 2464; x_wconf 90' lang='lat' dir='ltr'>condicionem</span> <span class='ocrx_word' id='word_1_158' title='bbox 729 2401 785 2460; x_wconf 89' lang='lat' dir='ltr'>viri</span> <span class='ocrx_word' id='word_1_159' title='bbox 812 2398 1013 2478; x_wconf 89' lang='lat' dir='ltr'>potentissimi</span> <span class='ocrx_word' id='word_1_160' title='bbox 1039 2404 1070 2456; x_wconf 91' lang='lat' dir='ltr'>et</span> <span class='ocrx_word' id='word_1_161' title='bbox 1095 2396 1134 2456; x_wconf 88' lang='lat' dir='ltr'>ad</span> <span class='ocrx_word' id='word_1_162' title='bbox 1157 2395 1263 2455; x_wconf 86' lang='lat' dir='ltr'>intima</span> <span class='ocrx_word' id='word_1_163' title='bbox 1284 2399 1400 2454; x_wconf 84' lang='lat' dir='ltr'>secreta</span> <span class='ocrx_word' id='word_1_164' title='bbox 1422 2410 1441 2449; x_wconf 89' lang='lat' dir='ltr'>a</span> 
     </span>
     <span class='ocr_line' id='line_1_19' title="bbox 110 2493 1440 2586; baseline -0.011 -20"><span class='ocrx_word' id='word_1_165' title='bbox 110 2508 295 2586; x_wconf 92' lang='lat' dir='ltr'>principibus</span> <span class='ocrx_word' id='word_1_166' title='bbox 322 2507 447 2566; x_wconf 85' lang='lat' dir='ltr'>adhibiti</span> <span class='ocrx_word' id='word_1_167' title='bbox 472 2507 517 2567; x_wconf 87' lang='lat' dir='ltr'>ita</span> <span class='ocrx_word' id='word_1_168' title='bbox 542 2526 561 2568; x_wconf 90' lang='lat' dir='ltr'>a</span> <span class='ocrx_word' id='word_1_169' title='bbox 586 2503 715 2583; x_wconf 85' lang='lat' dir='ltr'>posteris</span> <span class='ocrx_word' id='word_1_170' title='bbox 737 2503 802 2562; x_wconf 91' lang='lat' dir='ltr'>eins</span> <span class='ocrx_word' id='word_1_171' title='bbox 824 2500 987 2580; x_wconf 83' lang='lat' dir='ltr'>significari</span> <span class='ocrx_word' id='word_1_172' title='bbox 1009 2517 1100 2576; x_wconf 87' lang='lat' dir='ltr'>quam</span> <span class='ocrx_word' id='word_1_173' title='bbox 1121 2515 1176 2573; x_wconf 89' lang='lat' dir='ltr'>pro</span> <span class='ocrx_word' id='word_1_174' title='bbox 1198 2494 1344 2556; x_wconf 81' lang='lat' dir='ltr'>vocabulo</span> <span class='ocrx_word' id='word_1_175' title='bbox 1365 2493 1440 2571; x_wconf 84' lang='lat' dir='ltr'>legi·</span> 
     </span>
     <span class='ocr_line' id='line_1_20' title="bbox 111 2609 403 2687; baseline -0.003 -20"><span class='ocrx_word' id='word_1_176' title='bbox 111 2612 178 2670; x_wconf 88' lang='lat' dir='ltr'>timo</span> <span class='ocrx_word' id='word_1_177' title='bbox 198 2610 236 2670; x_wconf 83' lang='lat' dir='ltr'>id</span> <span class='ocrx_word' id='word_1_178' title='bbox 258 2609 403 2687; x_wconf 90' lang='lat' dir='ltr'>usurpari.</span> 
     </span>
    </p>

    <p class='ocr_par' dir='ltr' id='par_1_5' title="bbox 267 2691 1439 2806">
     <span class='ocr_line' id='line_1_21' title="bbox 267 2691 1439 2806; baseline -0.015 -25"><span class='ocrx_word' id='word_1_179' title='bbox 267 2709 325 2781; x_wconf 86' lang='lat'>13.</span> <span class='ocrx_word' id='word_1_180' title='bbox 377 2706 539 2806; x_wconf 85' lang='lat' dir='ltr'>Legatus</span> <span class='ocrx_word' id='word_1_181' title='bbox 561 2704 720 2805; x_wconf 84' lang='lat' dir='ltr'>Augusti</span> <span class='ocrx_word' id='word_1_182' title='bbox 745 2729 814 2804; x_wconf 90' lang='lat' dir='ltr'>pro</span> <span class='ocrx_word' id='word_1_183' title='bbox 841 2712 1014 2802; x_wconf 86' lang='lat' dir='ltr'>praetore</span> <span class='ocrx_word' id='word_1_184' title='bbox 1038 2695 1252 2800; x_wconf 87' lang='lat' dir='ltr'>provinciae</span> <span class='ocrx_word' id='word_1_185' title='bbox 1277 2691 1439 2768; x_wconf 89' lang='lat' dir='ltr'>Raetiae.</span> 
     </span>
    </p>

    <p class='ocr_par' dir='ltr' id='par_1_6' title="bbox 112 2813 1441 3007">
     <span class='ocr_line' id='line_1_22' title="bbox 188 2813 1441 2908; baseline -0.017 -16"><span class='ocrx_word' id='word_1_186' title='bbox 188 2831 303 2891; x_wconf 81' lang='lat' dir='ltr'>Raetia</span> <span class='ocrx_word' id='word_1_187' title='bbox 323 2828 477 2908; x_wconf 89' lang='lat' dir='ltr'>provincia</span> <span class='ocrx_word' id='word_1_188' title='bbox 497 2847 564 2888; x_wconf 89' lang='lat' dir='ltr'>cum</span> <span class='ocrx_word' id='word_1_189' title='bbox 586 2837 675 2887; x_wconf 91' lang='lat' dir='ltr'>antea</span> <span class='ocrx_word' id='word_1_190' title='bbox 696 2826 752 2887; x_wconf 90' lang='lat' dir='ltr'>sub</span> <span class='ocrx_word' id='word_1_191' title='bbox 774 2823 1017 2904; x_wconf 77' lang='lat' dir='ltr'>procuratoribus</span> <span class='ocrx_word' id='word_1_192' title='bbox 1039 2821 1161 2893; x_wconf 83' lang='lat' dir='ltr'>fuisset,</span> <span class='ocrx_word' id='word_1_193' title='bbox 1183 2824 1302 2897; x_wconf 85' lang='lat' dir='ltr'>postea,</span> <span class='ocrx_word' id='word_1_194' title='bbox 1325 2823 1356 2876; x_wconf 91' lang='lat' dir='ltr'>et</span> <span class='ocrx_word' id='word_1_195' title='bbox 1376 2813 1441 2890; x_wconf 90' lang='lat' dir='ltr'>qui·</span> 
     </span>
     <span class='ocr_line' id='line_1_23' title="bbox 112 2914 1441 3007; baseline -0.013 -17"><span class='ocrx_word' id='word_1_196' title='bbox 112 2932 175 2992; x_wconf 90' lang='lat' dir='ltr'>dem</span> <span class='ocrx_word' id='word_1_197' title='bbox 194 2934 228 2993; x_wconf 89' lang='lat' dir='ltr'>ni</span> <span class='ocrx_word' id='word_1_198' title='bbox 249 2932 341 2992; x_wconf 81' lang='lat' dir='ltr'>fallor</span> <span class='ocrx_word' id='word_1_199' title='bbox 362 2951 381 2990; x_wconf 92' lang='lat' dir='ltr'>a</span> <span class='ocrx_word' id='word_1_200' title='bbox 402 2930 513 3002; x_wconf 86' lang='lat' dir='ltr'>Marco,</span> <span class='ocrx_word' id='word_1_201' title='bbox 532 2929 681 3007; x_wconf 85' lang='lat' dir='ltr'>legionem</span> <span class='ocrx_word' id='word_1_202' title='bbox 703 2929 895 3006; x_wconf 86' lang='lat' dir='ltr'>legatumque</span> <span class='ocrx_word' id='word_1_203' title='bbox 916 2924 1031 3001; x_wconf 82' lang='lat' dir='ltr'>accepit</span> <span class='ocrx_word' id='word_1_204' title='bbox 1052 2921 1114 2999; x_wconf 87' lang='grc' dir='ltr'>(ΙΙΙ</span> <span class='ocrx_word' id='word_1_205' title='bbox 1136 2939 1166 2997; x_wconf 90' lang='lat' dir='ltr'>p.</span> <span class='ocrx_word' id='word_1_206' title='bbox 1179 2919 1266 2996; x_wconf 74' lang='lat'>707).</span> <span class='ocrx_word' id='word_1_207' title='bbox 1309 2914 1441 2977; x_wconf 79' lang='lat' dir='ltr'>Sabinus</span> 
     </span>
    </p>
   </div>
   <div class='ocr_carea' id='block_1_4' title="bbox 114 3204 1442 3749">
    <p class='ocr_par' dir='ltr' id='par_1_7' title="bbox 114 3204 1442 3659">
     <span class='ocr_line' id='line_1_24' title="bbox 186 3204 1439 3291; baseline -0.023 -8"><span class='ocrx_word' id='word_1_208' title='bbox 186 3228 210 3291; x_wconf 93' lang='lat'>¹)</span> <span class='ocrx_word' id='word_1_209' title='bbox 238 3226 321 3282; x_wconf 86' lang='lat' dir='ltr'>Orell.</span> <span class='ocrx_word' id='word_1_210' title='bbox 335 3225 406 3278; x_wconf 80' lang='lat'>³569</span> <span class='ocrx_word' id='word_1_211' title='bbox 425 3243 460 3268; x_wconf 64' lang='grc' dir='ltr'>-ε</span> <span class='ocrx_word' id='word_1_212' title='bbox 478 3225 563 3276; x_wconf 69' lang='lat' dir='ltr'>leem</span> <span class='ocrx_word' id='word_1_213' title='bbox 583 3221 642 3274; x_wconf 82' lang='lat' dir='ltr'>trib.</span> <span class='ocrx_word' id='word_1_214' title='bbox 664 3219 716 3270; x_wconf 80' lang='lat' dir='ltr'>mil.</span> <span class='ocrx_word' id='word_1_215' title='bbox 736 3219 784 3286; x_wconf 75' lang='lat' dir='ltr'>leq.</span> <span class='ocrx_word' id='word_1_216' title='bbox 798 3215 842 3270; x_wconf 85' lang='lat' dir='ltr'>IX</span> <span class='ocrx_word' id='word_1_217' title='bbox 858 3214 969 3285; x_wconf 76' lang='lat' dir='ltr'>Hispan.</span> <span class='ocrx_word' id='word_1_218' title='bbox 988 3213 1148 3268; x_wconf 68' lang='lat' dir='ltr'>vexillarium</span> <span class='ocrx_word' id='word_1_219' title='bbox 1167 3207 1276 3262; x_wconf 63' lang='lat' dir='ltr'>cium</span> <span class='ocrx_word' id='word_1_220' title='bbox 1294 3207 1321 3257; x_wconf 84' lang='lat' dir='ltr'>in</span> <span class='ocrx_word' id='word_1_221' title='bbox 1339 3204 1439 3274; x_wconf 76' lang='lat' dir='ltr'>capedi-</span> 
     </span>
     <span class='ocr_line' id='line_1_25' title="bbox 114 3296 1440 3375; baseline -0.02 -4"><span class='ocrx_word' id='word_1_222' title='bbox 114 3322 177 3372; x_wconf 84' lang='lat' dir='ltr'>tiene</span> <span class='ocrx_word' id='word_1_223' title='bbox 197 3318 357 3372; x_wconf 79' lang='lat' dir='ltr'>Gemanica.</span> <span class='ocrx_word' id='word_1_224' title='bbox 395 3317 501 3369; x_wconf 81' lang='lat' dir='ltr'>Tacitus</span> <span class='ocrx_word' id='word_1_225' title='bbox 525 3315 586 3366; x_wconf 87' lang='lat' dir='ltr'>hist.</span> <span class='ocrx_word' id='word_1_226' title='bbox 605 3316 631 3375; x_wconf 80' lang='lat'>2,</span> <span class='ocrx_word' id='word_1_227' title='bbox 647 3315 711 3364; x_wconf 80' lang='lat'>100:</span> <span class='ocrx_word' id='word_1_228' title='bbox 735 3327 787 3362; x_wconf 82' lang='lat' dir='ltr'>una</span> <span class='ocrx_word' id='word_1_229' title='bbox 810 3317 835 3360; x_wconf 88' lang='lat' dir='ltr'>ct</span> <span class='ocrx_word' id='word_1_230' title='bbox 857 3308 993 3360; x_wconf 85' lang='lat' dir='ltr'>uicenaima</span> <span class='ocrx_word' id='word_1_231' title='bbox 1015 3319 1101 3372; x_wconf 73' lang='lat' dir='ltr'>rapae</span> <span class='ocrx_word' id='word_1_232' title='bbox 1123 3309 1147 3352; x_wconf 87' lang='lat' dir='ltr'>et</span> <span class='ocrx_word' id='word_1_233' title='bbox 1165 3301 1253 3368; x_wconf 79' lang='lat' dir='ltr'>prima</span> <span class='ocrx_word' id='word_1_234' title='bbox 1272 3296 1368 3349; x_wconf 82' lang='lat' dir='ltr'>Italica</span> <span class='ocrx_word' id='word_1_235' title='bbox 1386 3311 1440 3346; x_wconf 85' lang='lat' dir='ltr'>cum</span> 
     </span>
     <span class='ocr_line' id='line_1_26' title="bbox 114 3386 1441 3472; baseline -0.02 -10"><span class='ocrx_word' id='word_1_236' title='bbox 114 3413 257 3464; x_wconf 67' lang='lat' dir='ltr'>vexillariis</span> <span class='ocrx_word' id='word_1_237' title='bbox 276 3411 350 3461; x_wconf 81' lang='lat' dir='ltr'>trium</span> <span class='ocrx_word' id='word_1_238' title='bbox 363 3407 570 3460; x_wconf 80' lang='lat' dir='ltr'>Britannicarum</span> <span class='ocrx_word' id='word_1_239' title='bbox 589 3404 712 3472; x_wconf 69' lang='lat' dir='ltr'>legionum</span> <span class='ocrx_word' id='word_1_240' title='bbox 729 3410 754 3454; x_wconf 85' lang='lat' dir='ltr'>et</span> <span class='ocrx_word' id='word_1_241' title='bbox 772 3401 857 3454; x_wconf 69' lang='lat' dir='ltr'>eiectis</span> <span class='ocrx_word' id='word_1_242' title='bbox 874 3398 987 3450; x_wconf 73' lang='lat' dir='ltr'>aueiliie.</span> <span class='ocrx_word' id='word_1_243' title='bbox 1018 3396 1144 3450; x_wconf 86' lang='lat' dir='ltr'>Similiter</span> <span class='ocrx_word' id='word_1_244' title='bbox 1156 3393 1261 3460; x_wconf 87' lang='lat' dir='ltr'>ponitur</span> <span class='ocrx_word' id='word_1_245' title='bbox 1273 3390 1350 3440; x_wconf 88' lang='lat' dir='ltr'>etiam</span> <span class='ocrx_word' id='word_1_246' title='bbox 1362 3386 1441 3438; x_wconf 74' lang='lat' dir='ltr'>occil-</span> 
     </span>
     <span class='ocr_line' id='line_1_27' title="bbox 115 3475 1442 3566; baseline -0.017 -14"><span class='ocrx_word' id='word_1_247' title='bbox 115 3503 161 3553; x_wconf 75' lang='lat' dir='ltr'>lam</span> <span class='ocrx_word' id='word_1_248' title='bbox 179 3504 254 3566; x_wconf 84' lang='lat' dir='ltr'>(Tac.</span> <span class='ocrx_word' id='word_1_249' title='bbox 269 3501 329 3552; x_wconf 86' lang='lat' dir='ltr'>hist.</span> <span class='ocrx_word' id='word_1_250' title='bbox 344 3505 369 3564; x_wconf 91' lang='lat' dir='ltr'>l,</span> <span class='ocrx_word' id='word_1_251' title='bbox 383 3501 428 3552; x_wconf 84' lang='lat'>31.</span> <span class='ocrx_word' id='word_1_252' title='bbox 444 3502 470 3562; x_wconf 82' lang='grc'>8,</span> <span class='ocrx_word' id='word_1_253' title='bbox 485 3500 528 3550; x_wconf 88' lang='grc'>89.</span> <span class='ocrx_word' id='word_1_254' title='bbox 545 3497 607 3560; x_wconf 90' lang='grc'>100)</span> <span class='ocrx_word' id='word_1_255' title='bbox 627 3503 653 3546; x_wconf 92' lang='lat' dir='ltr'>et</span> <span class='ocrx_word' id='word_1_256' title='bbox 671 3494 804 3546; x_wconf 69' lang='lat' dir='ltr'>ventilatio</span> <span class='ocrx_word' id='word_1_257' title='bbox 823 3492 940 3554; x_wconf 83' lang='lat' dir='ltr'>(Henzen</span> <span class='ocrx_word' id='word_1_258' title='bbox 954 3489 1038 3540; x_wconf 73' lang='lat'>54562</span> <span class='ocrx_word' id='word_1_259' title='bbox 1053 3485 1217 3554; x_wconf 79' lang='lat' dir='ltr'>praepositae</span> <span class='ocrx_word' id='word_1_260' title='bbox 1234 3475 1442 3533; x_wconf 74' lang='lat' dir='ltr'>vexillationibus</span> 
     </span>
     <span class='ocr_line' id='line_1_28' title="bbox 114 3570 1361 3659; baseline -0.019 -15"><span class='ocrx_word' id='word_1_261' title='bbox 114 3594 243 3646; x_wconf 80' lang='lat' dir='ltr'>milliariis</span> <span class='ocrx_word' id='word_1_262' title='bbox 262 3591 343 3644; x_wconf 80' lang='lat' dir='ltr'>tribue</span> <span class='ocrx_word' id='word_1_263' title='bbox 360 3589 516 3659; x_wconf 72' lang='lat' dir='ltr'>expeditione</span> <span class='ocrx_word' id='word_1_264' title='bbox 534 3585 697 3638; x_wconf 71' lang='lat' dir='ltr'>Brittannica</span> <span class='ocrx_word' id='word_1_265' title='bbox 715 3587 763 3652; x_wconf 74' lang='lat' dir='ltr'>lep.</span> <span class='ocrx_word' id='word_1_266' title='bbox 782 3581 838 3635; x_wconf 82' lang='lat' dir='ltr'>VII</span> <span class='ocrx_word' id='word_1_267' title='bbox 852 3583 942 3650; x_wconf 77' lang='lat' dir='ltr'>pertin.</span> <span class='ocrx_word' id='word_1_268' title='bbox 961 3577 1034 3632; x_wconf 83' lang='lat' dir='ltr'><em>VIII</em></span> <span class='ocrx_word' id='word_1_269' title='bbox 1049 3578 1117 3644; x_wconf 70' lang='lat' dir='ltr'>Aug.</span> <span class='ocrx_word' id='word_1_270' title='bbox 1137 3572 1225 3626; x_wconf 83' lang='lat' dir='ltr'><strong><em>XXII</em></strong></span> <span class='ocrx_word' id='word_1_271' title='bbox 1238 3570 1361 3640; x_wconf 59' lang='lat' dir='ltr'>primia).</span> 
     </span>
    </p>

    <p class='ocr_par' dir='ltr' id='par_1_8' title="bbox 186 3659 1442 3749">
     <span class='ocr_line' id='line_1_29' title="bbox 186 3659 1442 3749; baseline -0.023 -10"><span class='ocrx_word' id='word_1_272' title='bbox 186 3684 212 3749; x_wconf 78' lang='grc' dir='ltr'>Ἰ</span> <span class='ocrx_word' id='word_1_273' title='bbox 241 3685 285 3737; x_wconf 81' lang='lat' dir='ltr'>Cf.</span> <span class='ocrx_word' id='word_1_274' title='bbox 308 3684 397 3734; x_wconf 87' lang='lat' dir='ltr'>titulus</span> <span class='ocrx_word' id='word_1_275' title='bbox 415 3683 445 3734; x_wconf 88' lang='lat' dir='ltr'>L.</span> <span class='ocrx_word' id='word_1_276' title='bbox 465 3680 540 3734; x_wconf 79' lang='lat' dir='ltr'>Fabii</span> <span class='ocrx_word' id='word_1_277' title='bbox 560 3679 659 3730; x_wconf 86' lang='lat' dir='ltr'>Cilonis</span> <span class='ocrx_word' id='word_1_278' title='bbox 679 3677 790 3740; x_wconf 82' lang='lat' dir='ltr'>(Marini</span> <span class='ocrx_word' id='word_1_279' title='bbox 808 3676 868 3726; x_wconf 76' lang='lat' dir='ltr'>tier.</span> <span class='ocrx_word' id='word_1_280' title='bbox 888 3671 948 3724; x_wconf 79' lang='lat' dir='ltr'>All.</span> <span class='ocrx_word' id='word_1_281' title='bbox 967 3689 993 3738; x_wconf 92' lang='lat' dir='ltr'>p.</span> <span class='ocrx_word' id='word_1_282' title='bbox 1009 3671 1067 3733; x_wconf 81' lang='lat'><strong>50):</strong></span> <span class='ocrx_word' id='word_1_283' title='bbox 1092 3667 1152 3718; x_wconf 85' lang='lat' dir='ltr'>duci</span> <span class='ocrx_word' id='word_1_284' title='bbox 1169 3663 1254 3716; x_wconf 69' lang='lat' dir='ltr'>cecili.</span> <span class='ocrx_word' id='word_1_285' title='bbox 1269 3677 1320 3730; x_wconf 83' lang='lat' dir='ltr'>per</span> <span class='ocrx_word' id='word_1_286' title='bbox 1337 3659 1442 3712; x_wconf 81' lang='lat' dir='ltr'>Italiam</span> 
     </span>
    </p>
   </div>
   <div class='ocr_carea' id='block_1_5' title="bbox 115 3751 1443 4115">
    <p class='ocr_par' dir='ltr' id='par_1_9' title="bbox 115 3751 1443 4115">
     <span class='ocr_line' id='line_1_30' title="bbox 115 3751 1441 3844; baseline -0.023 -13"><span class='ocrx_word' id='word_1_287' title='bbox 115 3779 234 3832; x_wconf 68' lang='lat' dir='ltr'>seuerus</span> <span class='ocrx_word' id='word_1_288' title='bbox 257 3779 316 3844; x_wconf 83' lang='lat' dir='ltr'>imp.</span> <span class='ocrx_word' id='word_1_289' title='bbox 338 3773 427 3826; x_wconf 80' lang='lat' dir='ltr'>Seueri</span> <span class='ocrx_word' id='word_1_290' title='bbox 445 3771 651 3840; x_wconf 81' lang='lat' dir='ltr'>...praepoeito</span> <span class='ocrx_word' id='word_1_291' title='bbox 670 3767 826 3820; x_wconf 69' lang='lat' dir='ltr'>vexillation.</span> <span class='ocrx_word' id='word_1_292' title='bbox 846 3762 965 3816; x_wconf 84' lang='lat' dir='ltr'>Periatdi</span> <span class='ocrx_word' id='word_1_293' title='bbox 980 3757 1119 3832; x_wconf 74' lang='lat' dir='ltr'>perpentid.</span> <span class='ocrx_word' id='word_1_294' title='bbox 1157 3756 1282 3811; x_wconf 89' lang='lat' dir='ltr'>Similiter</span> <span class='ocrx_word' id='word_1_295' title='bbox 1304 3753 1369 3804; x_wconf 84' lang='lat' dir='ltr'>alter</span> <span class='ocrx_word' id='word_1_296' title='bbox 1388 3751 1441 3801; x_wconf 82' lang='lat' dir='ltr'>dux</span> 
     </span>
     <span class='ocr_line' id='line_1_31' title="bbox 116 3843 1443 3927; baseline -0.025 -3"><span class='ocrx_word' id='word_1_297' title='bbox 116 3871 202 3924; x_wconf 82' lang='lat' dir='ltr'>Severi</span> <span class='ocrx_word' id='word_1_298' title='bbox 220 3870 264 3922; x_wconf 77' lang='lat' dir='ltr'>Ti.</span> <span class='ocrx_word' id='word_1_299' title='bbox 285 3867 410 3919; x_wconf 86' lang='lat' dir='ltr'>Claudius</span> <span class='ocrx_word' id='word_1_300' title='bbox 429 3863 561 3918; x_wconf 78' lang='lat' dir='ltr'>candidus</span> <span class='ocrx_word' id='word_1_301' title='bbox 583 3863 612 3912; x_wconf 90' lang='lat' dir='ltr'>in</span> <span class='ocrx_word' id='word_1_302' title='bbox 637 3861 748 3927; x_wconf 88' lang='lat' dir='ltr'>equestri</span> <span class='ocrx_word' id='word_1_303' title='bbox 773 3859 864 3909; x_wconf 90' lang='lat' dir='ltr'>ordine</span> <span class='ocrx_word' id='word_1_304' title='bbox 888 3855 1040 3908; x_wconf 88' lang='lat' dir='ltr'>constitutus</span> <span class='ocrx_word' id='word_1_305' title='bbox 1058 3848 1223 3919; x_wconf 81' lang='lat' dir='ltr'>praepcaitus</span> <span class='ocrx_word' id='word_1_306' title='bbox 1245 3847 1296 3896; x_wconf 84' lang='lat' dir='ltr'>luit</span> <span class='ocrx_word' id='word_1_307' title='bbox 1313 3843 1443 3911; x_wconf 79' lang='lat' dir='ltr'>copiarum</span> 
     </span>
     <span class='ocr_line' id='line_1_32' title="bbox 115 3933 1442 4029; baseline -0.023 -16"><span class='ocrx_word' id='word_1_308' title='bbox 115 3961 280 4029; x_wconf 75' lang='lat' dir='ltr'>capeditionia</span> <span class='ocrx_word' id='word_1_309' title='bbox 305 3957 467 4010; x_wconf 66' lang='lat' dir='ltr'>Gemanica</span> <span class='ocrx_word' id='word_1_310' title='bbox 494 3952 629 4014; x_wconf 80' lang='lat' dir='ltr'>secundae,</span> <span class='ocrx_word' id='word_1_311' title='bbox 660 3951 754 4003; x_wconf 89' lang='lat' dir='ltr'>deinde</span> <span class='ocrx_word' id='word_1_312' title='bbox 779 3951 847 4000; x_wconf 90' lang='lat' dir='ltr'>inter</span> <span class='ocrx_word' id='word_1_313' title='bbox 873 3953 1004 3998; x_wconf 83' lang='lat' dir='ltr'>senatores</span> <span class='ocrx_word' id='word_1_314' title='bbox 1031 3945 1126 3995; x_wconf 86' lang='lat' dir='ltr'>relatus</span> <span class='ocrx_word' id='word_1_315' title='bbox 1154 3939 1205 3990; x_wconf 78' lang='lat' dir='ltr'>dua</span> <span class='ocrx_word' id='word_1_316' title='bbox 1231 3944 1301 3988; x_wconf 85' lang='lat' dir='ltr'>terra</span> <span class='ocrx_word' id='word_1_317' title='bbox 1329 3933 1442 4000; x_wconf 74' lang='lat' dir='ltr'>marique</span> 
     </span>
     <span class='ocr_line' id='line_1_33' title="bbox 116 4023 1441 4115; baseline -0.023 -11"><span class='ocrx_word' id='word_1_318' title='bbox 116 4053 160 4115; x_wconf 89' lang='grc' dir='ltr'>ΙΙΙ,</span> <span class='ocrx_word' id='word_1_319' title='bbox 173 4055 247 4106; x_wconf 87' lang='grc'>4114</span> <span class='ocrx_word' id='word_1_320' title='bbox 262 4071 296 4094; x_wconf 89' lang='lat'>=</span> <span class='ocrx_word' id='word_1_321' title='bbox 310 4051 390 4105; x_wconf 88' lang='lat' dir='ltr'>Orell.</span> <span class='ocrx_word' id='word_1_322' title='bbox 404 4048 477 4110; x_wconf 84' lang='grc'>798).</span> <span class='ocrx_word' id='word_1_323' title='bbox 508 4049 540 4098; x_wconf 92' lang='lat' dir='ltr'>In</span> <span class='ocrx_word' id='word_1_324' title='bbox 560 4045 633 4095; x_wconf 91' lang='lat' dir='ltr'>titulo</span> <span class='ocrx_word' id='word_1_325' title='bbox 645 4042 795 4095; x_wconf 76' lang='lat' dir='ltr'>Vir-oniensi</span> <span class='ocrx_word' id='word_1_326' title='bbox 814 4040 864 4102; x_wconf 89' lang='lat'>111,</span> <span class='ocrx_word' id='word_1_327' title='bbox 879 4037 951 4091; x_wconf 77' lang='grc'>4858</span> <span class='ocrx_word' id='word_1_328' title='bbox 971 4036 1071 4102; x_wconf 89' lang='lat' dir='ltr'>reperio</span> <span class='ocrx_word' id='word_1_329' title='bbox 1089 4031 1275 4099; x_wconf 88' lang='lat' dir='ltr'>primipilarem</span> <span class='ocrx_word' id='word_1_330' title='bbox 1295 4025 1380 4077; x_wconf 85' lang='lat' dir='ltr'>ducem</span> <span class='ocrx_word' id='word_1_331' title='bbox 1392 4023 1441 4090; x_wconf 75' lang='lat' dir='ltr'>lep.</span> 
     </span>
    </p>
   </div>
   <div class='ocr_carea' id='block_1_6' title="bbox 116 4116 1440 4295">
    <p class='ocr_par' dir='ltr' id='par_1_10' title="bbox 116 4116 1440 4295">
     <span class='ocr_line' id='line_1_34' title="bbox 116 4116 1440 4207; baseline -0.023 -13"><span class='ocrx_word' id='word_1_332' title='bbox 116 4143 162 4195; x_wconf 86' lang='lat'>111</span> <span class='ocrx_word' id='word_1_333' title='bbox 179 4145 254 4206; x_wconf 72' lang='lat' dir='ltr'>irat„</span> <span class='ocrx_word' id='word_1_334' title='bbox 280 4143 366 4194; x_wconf 83' lang='lat' dir='ltr'>ducem</span> <span class='ocrx_word' id='word_1_335' title='bbox 388 4147 414 4192; x_wconf 88' lang='lat' dir='ltr'>et</span> <span class='ocrx_word' id='word_1_336' title='bbox 429 4135 619 4207; x_wconf 83' lang='lat' dir='ltr'>praep(ceitum)</span> <span class='ocrx_word' id='word_1_337' title='bbox 639 4135 687 4200; x_wconf 75' lang='lat' dir='ltr'>lep.</span> <span class='ocrx_word' id='word_1_338' title='bbox 706 4130 756 4182; x_wconf 88' lang='lat' dir='ltr'>III</span> <span class='ocrx_word' id='word_1_339' title='bbox 772 4131 840 4198; x_wconf 70' lang='lat' dir='ltr'>Aue.</span> <span class='ocrx_word' id='word_1_340' title='bbox 878 4129 920 4180; x_wconf 92' lang='lat' dir='ltr'>De</span> <span class='ocrx_word' id='word_1_341' title='bbox 942 4125 1082 4194; x_wconf 88' lang='lat' dir='ltr'>praepositi</span> <span class='ocrx_word' id='word_1_342' title='bbox 1105 4121 1279 4189; x_wconf 84' lang='lat' dir='ltr'>appellatione</span> <span class='ocrx_word' id='word_1_343' title='bbox 1300 4118 1353 4182; x_wconf 79' lang='lat' dir='ltr'>egit</span> <span class='ocrx_word' id='word_1_344' title='bbox 1370 4116 1440 4165; x_wconf 86' lang='lat' dir='ltr'>Heu-</span> 
     </span>
     <span class='ocr_line' id='line_1_35' title="bbox 116 4203 1440 4295; baseline -0.024 -9"><span class='ocrx_word' id='word_1_345' title='bbox 116 4251 191 4288; x_wconf 82' lang='lat' dir='ltr'>renus</span> <span class='ocrx_word' id='word_1_346' title='bbox 209 4238 238 4288; x_wconf 90' lang='lat' dir='ltr'>in</span> <span class='ocrx_word' id='word_1_347' title='bbox 260 4251 321 4286; x_wconf 84' lang='lat' dir='ltr'>ann.</span> <span class='ocrx_word' id='word_1_348' title='bbox 340 4234 400 4284; x_wconf 87' lang='lat' dir='ltr'>inst.</span> <span class='ocrx_word' id='word_1_349' title='bbox 422 4231 494 4284; x_wconf 81' lang='lat'>1850</span> <span class='ocrx_word' id='word_1_350' title='bbox 511 4245 537 4295; x_wconf 93' lang='lat' dir='ltr'>p.</span> <span class='ocrx_word' id='word_1_351' title='bbox 550 4231 586 4280; x_wconf 89' lang='grc'>40</span> <span class='ocrx_word' id='word_1_352' title='bbox 595 4241 663 4292; x_wconf 86' lang='lat' dir='ltr'>seq.,</span> <span class='ocrx_word' id='word_1_353' title='bbox 683 4225 716 4275; x_wconf 91' lang='lat' dir='ltr'>de</span> <span class='ocrx_word' id='word_1_354' title='bbox 735 4223 808 4274; x_wconf 90' lang='lat' dir='ltr'>ducis</span> <span class='ocrx_word' id='word_1_355' title='bbox 826 4237 874 4287; x_wconf 79' lang='lat' dir='ltr'>ego</span> <span class='ocrx_word' id='word_1_356' title='bbox 892 4219 962 4284; x_wconf 90' lang='lat' dir='ltr'>apud</span> <span class='ocrx_word' id='word_1_357' title='bbox 980 4218 1105 4272; x_wconf 83' lang='lat' dir='ltr'>Sellemm</span> <span class='ocrx_word' id='word_1_358' title='bbox 1123 4213 1164 4264; x_wconf 87' lang='lat' dir='ltr'>die</span> <span class='ocrx_word' id='word_1_359' title='bbox 1183 4209 1292 4261; x_wconf 81' lang='lat' dir='ltr'>Feircten</span> <span class='ocrx_word' id='word_1_360' title='bbox 1310 4223 1359 4258; x_wconf 85' lang='lat' dir='ltr'>voa</span> <span class='ocrx_word' id='word_1_361' title='bbox 1377 4203 1440 4256; x_wconf 80' lang='lat' dir='ltr'>Pa!-</span> 
     </span>
    </p>
   </div>
   <div class='ocr_carea' id='block_1_7' title="bbox 117 4303 1236 4395">
    <p class='ocr_par' dir='ltr' id='par_1_11' title="bbox 117 4303 1236 4395">
     <span class='ocr_line' id='line_1_36' title="bbox 117 4303 1236 4395; baseline -0.021 -18"><span class='ocrx_word' id='word_1_362' title='bbox 117 4345 185 4395; x_wconf 77' lang='lat' dir='ltr'>nyrc</span> <span class='ocrx_word' id='word_1_363' title='bbox 203 4326 299 4390; x_wconf 85' lang='grc'>(1866)</span> <span class='ocrx_word' id='word_1_364' title='bbox 317 4327 345 4376; x_wconf 91' lang='lat' dir='ltr'>in</span> <span class='ocrx_word' id='word_1_365' title='bbox 363 4323 505 4392; x_wconf 88' lang='lat' dir='ltr'>appendice</span> <span class='ocrx_word' id='word_1_366' title='bbox 524 4328 549 4372; x_wconf 88' lang='lat' dir='ltr'>et</span> <span class='ocrx_word' id='word_1_367' title='bbox 567 4321 704 4376; x_wconf 80' lang='lat' dir='ltr'>Henzenus</span> <span class='ocrx_word' id='word_1_368' title='bbox 721 4314 798 4366; x_wconf 74' lang='lat' dir='ltr'>retae.</span> <span class='ocrx_word' id='word_1_369' title='bbox 819 4311 890 4379; x_wconf 65' lang='lat' dir='ltr'>degli</span> <span class='ocrx_word' id='word_1_370' title='bbox 907 4309 1003 4362; x_wconf 80' lang='lat' dir='ltr'>Arvcli</span> <span class='ocrx_word' id='word_1_371' title='bbox 1021 4305 1115 4370; x_wconf 83' lang='grc'>(1808)</span> <span class='ocrx_word' id='word_1_372' title='bbox 1134 4321 1160 4371; x_wconf 95' lang='lat' dir='ltr'>p.</span> <span class='ocrx_word' id='word_1_373' title='bbox 1174 4303 1236 4355; x_wconf 79' lang='lat'>102.</span> 
     </span>
    </p>
   </div>
   <div class='ocr_carea' id='block_1_8' title="bbox 189 4411 719 4482">
    <p class='ocr_par' dir='ltr' id='par_1_12' title="bbox 189 4411 719 4482">
     <span class='ocr_line' id='line_1_37' title="bbox 189 4411 719 4482; baseline -0.026 -10"><span class='ocrx_word' id='word_1_374' title='bbox 189 4417 215 4482; x_wconf 82' lang='lat'>²)</span> <span class='ocrx_word' id='word_1_375' title='bbox 243 4419 313 4470; x_wconf 81' lang='lat' dir='ltr'>Vide</span> <span class='ocrx_word' id='word_1_376' title='bbox 331 4418 443 4468; x_wconf 85' lang='lat' dir='ltr'>Hermae</span> <span class='ocrx_word' id='word_1_377' title='bbox 461 4413 544 4464; x_wconf 77' lang='lat' dir='ltr'>roll</span> <span class='ocrx_word' id='word_1_378' title='bbox 563 4427 589 4476; x_wconf 92' lang='lat' dir='ltr'>p.</span> <span class='ocrx_word' id='word_1_379' title='bbox 603 4411 657 4462; x_wconf 81' lang='lat'>120</span> <span class='ocrx_word' id='word_1_380' title='bbox 665 4423 719 4473; x_wconf 90' lang='lat' dir='ltr'>seq.</span> 
     </span>
    </p>
   </div>
   <div class='ocr_carea' id='block_1_9' title="bbox 188 4493 1436 4664">
    <p class='ocr_par' dir='ltr' id='par_1_13' title="bbox 188 4493 1436 4664">
     <span class='ocr_line' id='line_1_38' title="bbox 188 4493 959 4573; baseline -0.025 -11"><span class='ocrx_word' id='word_1_381' title='bbox 188 4509 215 4573; x_wconf 87' lang='lat'>⁴)</span> <span class='ocrx_word' id='word_1_382' title='bbox 244 4510 314 4560; x_wconf 84' lang='lat' dir='ltr'>Vide</span> <span class='ocrx_word' id='word_1_383' title='bbox 332 4507 515 4560; x_wconf 80' lang='lat' dir='ltr'>memoriarum</span> <span class='ocrx_word' id='word_1_384' title='bbox 533 4503 592 4554; x_wconf 89' lang='lat' dir='ltr'>inst.</span> <span class='ocrx_word' id='word_1_385' title='bbox 610 4493 681 4552; x_wconf 84' lang='lat' dir='ltr'>arch.</span> <span class='ocrx_word' id='word_1_386' title='bbox 701 4498 752 4549; x_wconf 83' lang='lat' dir='ltr'>rol.</span> <span class='ocrx_word' id='word_1_387' title='bbox 767 4497 783 4548; x_wconf 75' lang='lat'>2</span> <span class='ocrx_word' id='word_1_388' title='bbox 801 4513 828 4562; x_wconf 91' lang='lat' dir='ltr'>p.</span> <span class='ocrx_word' id='word_1_389' title='bbox 841 4495 894 4546; x_wconf 74' lang='lat'>302</span> <span class='ocrx_word' id='word_1_390' title='bbox 905 4507 959 4558; x_wconf 87' lang='lat' dir='ltr'>seq.</span> 
     </span>
     <span class='ocr_line' id='line_1_39' title="bbox 189 4564 1436 4664; baseline -0.029 -10"><span class='ocrx_word' id='word_1_391' title='bbox 189 4600 215 4664; x_wconf 77' lang='lat'>⁵)</span> <span class='ocrx_word' id='word_1_392' title='bbox 240 4600 356 4654; x_wconf 70' lang='lat' dir='ltr'>Furem</span> <span class='ocrx_word' id='word_1_393' title='bbox 371 4601 431 4658; x_wconf 82' lang='grc'>180,</span> <span class='ocrx_word' id='word_1_394' title='bbox 447 4597 516 4648; x_wconf 66' lang='grc'>8281</span> <span class='ocrx_word' id='word_1_395' title='bbox 534 4592 671 4644; x_wconf 71' lang='lat' dir='ltr'>&#39;Triturrii</span> <span class='ocrx_word' id='word_1_396' title='bbox 686 4586 691 4654; x_wconf 96' lang='grc' dir='ltr'>Ι</span> <span class='ocrx_word' id='word_1_397' title='bbox 708 4585 747 4640; x_wconf 84' lang='grc' dir='ltr'>Μ.</span> <span class='ocrx_word' id='word_1_398' title='bbox 765 4584 882 4638; x_wconf 80' lang='lat' dir='ltr'>Nummio</span> <span class='ocrx_word' id='word_1_399' title='bbox 901 4582 995 4634; x_wconf 76' lang='lat' dir='ltr'>Albino</span> <span class='ocrx_word' id='word_1_400' title='bbox 1014 4597 1039 4632; x_wconf 84' lang='lat' dir='ltr'>c.</span> <span class='ocrx_word' id='word_1_401' title='bbox 1058 4596 1079 4630; x_wconf 89' lang='lat' dir='ltr'>c.</span> <span class='ocrx_word' id='word_1_402' title='bbox 1097 4575 1101 4643; x_wconf 96' lang='grc' dir='ltr'>Ι</span> <span class='ocrx_word' id='word_1_403' title='bbox 1118 4573 1246 4643; x_wconf 69' lang='lat' dir='ltr'>quaeret</span> <span class='ocrx_word' id='word_1_404' title='bbox 1263 4568 1408 4630; x_wconf 82' lang='lat' dir='ltr'>candidato,</span> <span class='ocrx_word' id='word_1_405' title='bbox 1432 4564 1436 4636; x_wconf 93' lang='grc' dir='ltr'>Ι</span> 
     </span>
    </p>
   </div>
   <div class='ocr_carea' id='block_1_10' title="bbox 114 4659 1442 5301">
    <p class='ocr_par' dir='ltr' id='par_1_14' title="bbox 114 4659 1441 4849">
     <span class='ocr_line' id='line_1_40' title="bbox 114 4659 1441 4762; baseline -0.028 -15"><span class='ocrx_word' id='word_1_406' title='bbox 114 4695 229 4762; x_wconf 85' lang='lat' dir='ltr'>praetori</span> <span class='ocrx_word' id='word_1_407' title='bbox 246 4690 352 4755; x_wconf 68' lang='lat' dir='ltr'>amano,</span> <span class='ocrx_word' id='word_1_408' title='bbox 372 4689 457 4742; x_wconf 83' lang='lat' dir='ltr'>comiti</span> <span class='ocrx_word' id='word_1_409' title='bbox 475 4683 480 4751; x_wconf 97' lang='grc' dir='ltr'>Ι</span> <span class='ocrx_word' id='word_1_410' title='bbox 498 4685 630 4739; x_wconf 78' lang='lat' dir='ltr'>doctestico</span> <span class='ocrx_word' id='word_1_411' title='bbox 650 4681 748 4737; x_wconf 80' lang='lat' dir='ltr'>ordinis</span> <span class='ocrx_word' id='word_1_412' title='bbox 760 4679 843 4748; x_wconf 82' lang='lat' dir='ltr'>primi</span> <span class='ocrx_word' id='word_1_413' title='bbox 859 4683 884 4728; x_wconf 82' lang='lat' dir='ltr'>et</span> <span class='ocrx_word' id='word_1_414' title='bbox 899 4674 904 4742; x_wconf 96' lang='grc' dir='ltr'>Ι</span> <span class='ocrx_word' id='word_1_415' title='bbox 920 4672 1018 4728; x_wconf 78' lang='lat' dir='ltr'>corculi</span> <span class='ocrx_word' id='word_1_416' title='bbox 1035 4669 1167 4722; x_wconf 83' lang='lat' dir='ltr'>ordinario</span> <span class='ocrx_word' id='word_1_417' title='bbox 1185 4667 1275 4718; x_wconf 61' lang='lat' dir='ltr'>wate</span> <span class='ocrx_word' id='word_1_418' title='bbox 1290 4659 1294 4728; x_wconf 97' lang='grc' dir='ltr'>Ι</span> <span class='ocrx_word' id='word_1_419' title='bbox 1310 4659 1441 4714; x_wconf 76' lang='lat' dir='ltr'>Nummius</span> 
     </span>
     <span class='ocr_line' id='line_1_41' title="bbox 118 4759 1370 4849; baseline -0.028 -10"><span class='ocrx_word' id='word_1_420' title='bbox 118 4783 247 4838; x_wconf 56' lang='lat' dir='ltr'>medua</span> <span class='ocrx_word' id='word_1_421' title='bbox 265 4785 326 4835; x_wconf 76' lang='lat' dir='ltr'>cim.</span> <span class='ocrx_word' id='word_1_422' title='bbox 363 4781 473 4843; x_wconf 82' lang='lat' dir='ltr'>Titulus,</span> <span class='ocrx_word' id='word_1_423' title='bbox 493 4780 537 4846; x_wconf 90' lang='lat' dir='ltr'>qui</span> <span class='ocrx_word' id='word_1_424' title='bbox 556 4777 640 4830; x_wconf 84' lang='lat' dir='ltr'>adhuc</span> <span class='ocrx_word' id='word_1_425' title='bbox 658 4779 757 4840; x_wconf 87' lang='lat' dir='ltr'>prostat</span> <span class='ocrx_word' id='word_1_426' title='bbox 774 4772 874 4826; x_wconf 79' lang='lat' dir='ltr'>Romae</span> <span class='ocrx_word' id='word_1_427' title='bbox 892 4769 920 4849; x_wconf 75' lang='lat' dir='ltr'>in</span> <span class='ocrx_word' id='word_1_428' title='bbox 939 4767 1017 4816; x_wconf 89' lang='lat' dir='ltr'>domo</span> <span class='ocrx_word' id='word_1_429' title='bbox 1035 4761 1186 4822; x_wconf 75' lang='lat' dir='ltr'>Eutherius,</span> <span class='ocrx_word' id='word_1_430' title='bbox 1206 4759 1305 4822; x_wconf 81' lang='lat' dir='ltr'>integer</span> <span class='ocrx_word' id='word_1_431' title='bbox 1323 4761 1370 4806; x_wconf 88' lang='lat' dir='ltr'>est.</span> 
     </span>
    </p>

    <p class='ocr_par' dir='ltr' id='par_1_15' title="bbox 117 4844 1441 5035">
     <span class='ocr_line' id='line_1_42' title="bbox 190 4844 1441 4940; baseline -0.027 -12"><span class='ocrx_word' id='word_1_432' title='bbox 190 4876 216 4940; x_wconf 68' lang='grc'>6)</span> <span class='ocrx_word' id='word_1_433' title='bbox 244 4877 331 4928; x_wconf 80' lang='lat' dir='ltr'>Etiam</span> <span class='ocrx_word' id='word_1_434' title='bbox 349 4875 450 4939; x_wconf 74' lang='lat' dir='ltr'>signnm</span> <span class='ocrx_word' id='word_1_435' title='bbox 469 4885 531 4922; x_wconf 88' lang='lat' dir='ltr'>casu</span> <span class='ocrx_word' id='word_1_436' title='bbox 549 4867 661 4923; x_wconf 87' lang='lat' dir='ltr'>seeundo</span> <span class='ocrx_word' id='word_1_437' title='bbox 679 4865 794 4931; x_wconf 73' lang='lat' dir='ltr'>legitimo</span> <span class='ocrx_word' id='word_1_438' title='bbox 812 4861 912 4914; x_wconf 89' lang='lat' dir='ltr'>nomini</span> <span class='ocrx_word' id='word_1_439' title='bbox 930 4857 1115 4924; x_wconf 86' lang='lat' dir='ltr'>praescriptam</span> <span class='ocrx_word' id='word_1_440' title='bbox 1132 4857 1224 4918; x_wconf 87' lang='lat' dir='ltr'>quarto</span> <span class='ocrx_word' id='word_1_441' title='bbox 1243 4847 1346 4900; x_wconf 86' lang='lat' dir='ltr'>saeculo</span> <span class='ocrx_word' id='word_1_442' title='bbox 1359 4844 1441 4909; x_wconf 68' lang='lat' dir='ltr'>magis</span> 
     </span>
     <span class='ocr_line' id='line_1_43' title="bbox 117 4951 1046 5035; baseline -0.023 -15"><span class='ocrx_word' id='word_1_443' title='bbox 117 4969 250 5035; x_wconf 84' lang='lat' dir='ltr'>propriam</span> <span class='ocrx_word' id='word_1_444' title='bbox 269 4973 307 5018; x_wconf 85' lang='lat' dir='ltr'>est</span> <span class='ocrx_word' id='word_1_445' title='bbox 324 4979 401 5032; x_wconf 83' lang='lat' dir='ltr'>quam</span> <span class='ocrx_word' id='word_1_446' title='bbox 419 4963 504 5014; x_wconf 83' lang='lat' dir='ltr'>tertio.</span> <span class='ocrx_word' id='word_1_447' title='bbox 541 4960 610 5012; x_wconf 87' lang='lat' dir='ltr'>Vide</span> <span class='ocrx_word' id='word_1_448' title='bbox 626 4957 796 5023; x_wconf 80' lang='lat' dir='ltr'>Borghesiurn</span> <span class='ocrx_word' id='word_1_449' title='bbox 814 4967 875 5019; x_wconf 92' lang='lat' dir='ltr'>opp.</span> <span class='ocrx_word' id='word_1_450' title='bbox 889 4953 915 5014; x_wconf 81' lang='grc'>8,</span> <span class='ocrx_word' id='word_1_451' title='bbox 930 4951 982 5000; x_wconf 75' lang='lat'>60⁴1</span> <span class='ocrx_word' id='word_1_452' title='bbox 992 4964 1046 5015; x_wconf 91' lang='lat' dir='ltr'>seq.</span> 
     </span>
    </p>

    <p class='ocr_par' dir='ltr' id='par_1_16' title="bbox 120 5025 1442 5301">
     <span class='ocr_line' id='line_1_44' title="bbox 191 5025 1442 5123; baseline -0.028 -13"><span class='ocrx_word' id='word_1_453' title='bbox 191 5055 218 5123; x_wconf 64' lang='grc' dir='ltr'>Ι)</span> <span class='ocrx_word' id='word_1_454' title='bbox 246 5058 317 5109; x_wconf 86' lang='lat' dir='ltr'>Care</span> <span class='ocrx_word' id='word_1_455' title='bbox 333 5054 477 5108; x_wconf 78' lang='lat' dir='ltr'>confundas</span> <span class='ocrx_word' id='word_1_456' title='bbox 495 5069 554 5107; x_wconf 86' lang='lat' dir='ltr'>eum</span> <span class='ocrx_word' id='word_1_457' title='bbox 573 5067 632 5104; x_wconf 86' lang='lat' dir='ltr'>cum</span> <span class='ocrx_word' id='word_1_458' title='bbox 650 5051 743 5102; x_wconf 84' lang='lat' dir='ltr'>comita</span> <span class='ocrx_word' id='word_1_459' title='bbox 760 5045 968 5105; x_wconf 88' lang='lat' dir='ltr'>domesticorum,</span> <span class='ocrx_word' id='word_1_460' title='bbox 988 5041 1022 5092; x_wconf 83' lang='lat' dir='ltr'>ml</span> <span class='ocrx_word' id='word_1_461' title='bbox 1040 5053 1116 5104; x_wconf 87' lang='lat' dir='ltr'>quem</span> <span class='ocrx_word' id='word_1_462' title='bbox 1135 5036 1262 5101; x_wconf 85' lang='lat' dir='ltr'>pertinent</span> <span class='ocrx_word' id='word_1_463' title='bbox 1279 5029 1347 5080; x_wconf 86' lang='lat' dir='ltr'>tituli</span> <span class='ocrx_word' id='word_1_464' title='bbox 1361 5025 1442 5078; x_wconf 87' lang='lat' dir='ltr'>Orell.</span> 
     </span>
     <span class='ocr_line' id='line_1_45' title="bbox 120 5118 1442 5209; baseline -0.026 -6"><span class='ocrx_word' id='word_1_465' title='bbox 120 5153 199 5203; x_wconf 78' lang='lat'>³188.</span> <span class='ocrx_word' id='word_1_466' title='bbox 219 5149 294 5202; x_wconf 83' lang='grc'>8194</span> <span class='ocrx_word' id='word_1_467' title='bbox 315 5149 346 5200; x_wconf 88' lang='lat' dir='ltr'>ab</span> <span class='ocrx_word' id='word_1_468' title='bbox 365 5149 489 5200; x_wconf 78' lang='lat' dir='ltr'>Heneeno</span> <span class='ocrx_word' id='word_1_469' title='bbox 513 5144 541 5196; x_wconf 90' lang='lat' dir='ltr'>in</span> <span class='ocrx_word' id='word_1_470' title='bbox 563 5143 650 5194; x_wconf 89' lang='lat' dir='ltr'>indice</span> <span class='ocrx_word' id='word_1_471' title='bbox 671 5157 698 5209; x_wconf 92' lang='lat' dir='ltr'>p.</span> <span class='ocrx_word' id='word_1_472' title='bbox 714 5141 768 5192; x_wconf 88' lang='grc'>114</span> <span class='ocrx_word' id='word_1_473' title='bbox 791 5137 825 5191; x_wconf 85' lang='lat' dir='ltr'>ad</span> <span class='ocrx_word' id='word_1_474' title='bbox 849 5135 969 5188; x_wconf 88' lang='lat' dir='ltr'>comitem</span> <span class='ocrx_word' id='word_1_475' title='bbox 987 5124 1259 5183; x_wconf 79' lang='lat' dir='ltr'>domesticum&#39;relati.</span> <span class='ocrx_word' id='word_1_476' title='bbox 1295 5118 1442 5174; x_wconf 70' lang='lat' dir='ltr'>Oretanos</span> 
     </span>
     <span class='ocr_line' id='line_1_46' title="bbox 120 5208 1413 5301; baseline -0.028 -7"><span class='ocrx_word' id='word_1_477' title='bbox 120 5249 203 5294; x_wconf 85' lang='lat' dir='ltr'>autem</span> <span class='ocrx_word' id='word_1_478' title='bbox 218 5241 291 5292; x_wconf 82' lang='grc'>1154</span> <span class='ocrx_word' id='word_1_479' title='bbox 309 5241 380 5292; x_wconf 87' lang='lat' dir='ltr'>cuins</span> <span class='ocrx_word' id='word_1_480' title='bbox 398 5237 494 5292; x_wconf 88' lang='lat' dir='ltr'>indolis</span> <span class='ocrx_word' id='word_1_481' title='bbox 512 5235 554 5301; x_wconf 80' lang='lat' dir='ltr'>sit,</span> <span class='ocrx_word' id='word_1_482' title='bbox 573 5234 672 5300; x_wconf 83' lang='lat' dir='ltr'>patebit</span> <span class='ocrx_word' id='word_1_483' title='bbox 690 5233 714 5285; x_wconf 91' lang='lat' dir='ltr'>ei</span> <span class='ocrx_word' id='word_1_484' title='bbox 733 5231 777 5300; x_wconf 88' lang='lat' dir='ltr'>qui</span> <span class='ocrx_word' id='word_1_485' title='bbox 795 5228 915 5296; x_wconf 87' lang='lat' dir='ltr'>inspiciet</span> <span class='ocrx_word' id='word_1_486' title='bbox 932 5224 1079 5291; x_wconf 82' lang='lat' dir='ltr'>exemplum</span> <span class='ocrx_word' id='word_1_487' title='bbox 1090 5208 1413 5274; x_wconf 64' lang='lat' dir='ltr'>maerensmaerens.</span> 
     </span>
    </p>
   </div>
   <div class='ocr_carea' id='block_1_11' title="bbox 0 0 1791 5950">
    <p class='ocr_par' dir='ltr' id='par_1_17' title="bbox 0 0 1791 5950">
     <span class='ocr_line' id='line_1_47' title="bbox 0 0 1791 5950; baseline 0 0"><span class='ocrx_word' id='word_1_488' title='bbox 0 0 1791 5950; x_wconf 95' lang='lat' dir='ltr'> </span> 
     </span>
    </p>
   </div>
  </div>
 </body>
</html>
