3578 5962
649 663 864 718 rrowonvs.
1060 677 1068 690 ·
1095 669 1101 680 ·
1353 645 1426 720 257

96 843 190 921 (Bibl.
213 841 313 902 Vatia.
336 838 432 918 6852)
459 839 489 900 in
511 857 571 918 quo
591 839 761 899 litterarum
781 838 895 916 figurae
920 838 960 898 ad
981 838 1153 918 exemplum
1173 840 1363 919 antiquarum
1384 843 1430 903 in·

96 945 294 1022 scriptionum
318 950 460 1003 exaratae
482 940 633 1018 variisque
654 941 805 1001 coloribus
827 940 923 1000 illitae
943 949 1064 1013 extant,
1090 961 1157 1001 cum
1179 943 1251 1002 mihi
1272 963 1328 1021 per
1348 944 1429 1006 eius·

97 1047 163 1106 dem
186 1046 367 1106 Mommseni
387 1043 602 1104 humanitatem
623 1042 811 1116 innotuisset,
833 1041 921 1102 facile
942 1042 1101 1121 impetravi
1122 1063 1142 1104 a
1162 1044 1324 1106 Franciseo
1338 1046 1429 1124 Ruhl,

96 1161 128 1208 ot
147 1149 316 1209 litterarum
337 1147 484 1225 imagines
505 1147 544 1206 ab
564 1146 673 1206 idoneo
695 1144 808 1204 artifice
829 1144 1023 1205 delineandas
1042 1154 1170 1220 curaret,
1190 1155 1290 1209 cetera
1309 1150 1376 1229 ipse
1397 1150 1429 1210 iu

94 1269 197 1311 meum
224 1269 310 1312 usum
337 1249 527 1310 describeret.
570 1245 707 1324 Cumque
732 1248 882 1308 videretur
906 1249 980 1308 haee
1001 1247 1148 1308 Felicitani
1174 1267 1267 1328 opera
1291 1253 1431 1313 nonnihil

96 1353 237 1414 utilitatis
257 1352 368 1412 habere
395 1352 434 1412 ad
457 1349 668 1410 illustrandam
694 1349 861 1410 studiorum
887 1350 1149 1428 epigraphioorum
1170 1352 1341 1428 historiam,
1367 1356 1429 1416 iam

95 1454 307 1516 constituimus
328 1452 506 1530 opusculum
527 1453 658 1532 exiguae
679 1452 768 1512 molis
788 1471 854 1512 oum
870 1452 1032 1512 lectoribus
1047 1453 1134 1513 huius
1155 1456 1364 1532 ephemeridos
1386 1459 1431 1518 ita

96 1557 334 1630 commonicare,
362 1564 395 1616 ut
414 1557 532 1615 litterae
557 1555 596 1614 ad
617 1554 761 1614 minorem
782 1554 935 1614 modulum
956 1555 1095 1615 redactae
1115 1557 1266 1618 coloribus
1286 1560 1431 1639 neglectis

96 1659 125 1716 in
149 1657 296 1736 peculiari
318 1657 419 1718 tabula
440 1657 514 1735 (tab.
531 1656 577 1733 11)
599 1657 821 1730 exhiberentur,
842 1675 910 1716 cum
929 1659 1098 1736 praeceptis
1120 1667 1220 1719 autem
1242 1661 1431 1724 aFelicianc

97 1759 278 1838 excogitatis
299 1759 402 1819 Lucae
423 1759 561 1819 Paciuoli
583 1766 745 1836 praecepta
769 1766 1019 1836 componerentur
1039 1777 1099 1836 quo
1119 1759 1238 1832 facilius
1258 1763 1295 1824 de
1316 1766 1432 1826 ratione

96 1879 175 1940 quae
196 1862 276 1922 inter
296 1869 421 1940 atraque
443 1860 611 1935 intercedit,
632 1861 757 1922 iudicari
777 1861 928 1938 posset1).

223 2233 252 2291 Α
673 2147 863 2226 [Perductus]

183 2386 302 2464 Questa
320 2387 415 2449 latera
428 2387 458 2448 Α
480 2389 507 2450 si
528 2407 604 2450 caua
617 2388 667 2448 del
681 2387 772 2448 tondo
794 2407 811 2448 e
833 2388 882 2449 del
904 2405 960 2448 suo
975 2388 1106 2467 quadro:
1128 2390 1160 2450 la
1172 2392 1282 2472 gamba
1302 2393 1432 2476 dannan

98 2491 180 2551 drita
202 2477 361 2552 uol⁰esser
381 2509 489 2569 grossa
509 2490 576 2552 dele
598 2509 675 2550 noue
696 2492 776 2568 parti
796 2491 869 2552 luna
888 2490 926 2550 de
947 2491 1064 2552 lalteza
1106 2491 1153 2552 La
1173 2494 1282 2571 gamba
1303 2497 1433 2558 senistra

100 2593 152 2653 uol
175 2609 261 2653 esser
272 2593 304 2652 la
318 2593 392 2652 mita
413 2591 450 2652 de
471 2593 502 2652 la
516 2593 625 2670 gamba
638 2611 753 2672 grossa.
784 2593 832 2653 La
845 2593 956 2670 gamba
970 2593 1006 2652 de
1029 2612 1114 2654 mezo
1128 2595 1179 2654 uol
1200 2613 1284 2656 esser
1297 2597 1330 2657 la
1349 2609 1433 2660 terra

99 2703 186 2772 parte
208 2693 244 2754 de
265 2695 296 2754 la
315 2697 426 2774 gambe
446 2712 562 2774 grossa.
605 2695 652 2754 La
675 2695 817 2773 largbeae
837 2695 875 2754 de
896 2695 959 2754 dita
978 2696 1075 2756 letera
1095 2678 1230 2758 cadaum
1249 2701 1359 2777 gamba
1377 2720 1434 2780 per

98 2814 186 2856 mezo
210 2795 247 2857 de
267 2798 300 2857 la
319 2797 466 2872 cruciere,
493 2797 594 2876 quella
619 2797 649 2856 di
675 2817 761 2858 mezo
787 2798 930 2874 alquanto
956 2798 1008 2876 piu
1034 2797 1126 2858 bassa
1153 2817 1268 2861 comme
1289 2802 1360 2863 uedi
1381 2805 1434 2881 qui

98 2918 155 2976 per
176 2899 199 2959 li
220 2898 357 2960 diametri
380 2900 507 2979 segnati.
1156 2887 1157 2890 ¹

229 3275 252 3336 B

188 3431 305 3509 Questa
325 3434 421 3495 latera
435 3434 489 3496 .B.
505 3436 533 3498 si
555 3453 700 3513 compone
721 3433 758 3493 de
781 3431 830 3494 doi
853 3433 936 3493 tondi
957 3452 974 3493 e
994 3433 1095 3511 quello
1116 3433 1154 3495 de
1169 3444 1249 3497 sotto
1271 3439 1316 3500 eie
1336 3440 1366 3501 lo
1380 3443 1433 3518 piu

101 3535 220 3614 grando
243 3535 280 3595 de
301 3536 324 3594 li
345 3556 424 3597 noue
444 3539 524 3616 parti
544 3539 624 3610 luna,
647 3537 711 3597 oioe
725 3537 776 3597 uol
790 3553 873 3596 esser
894 3536 917 3595 li
930 3537 1037 3614 cinque
1057 3539 1130 3597 noni
1151 3538 1189 3598 de
1210 3538 1240 3599 la
1260 3558 1317 3601 soe
1337 3542 1434 3604 altera

103 3656 160 3715 per
181 3637 335 3698 diametro.
379 3639 407 3698 Ε
429 3641 531 3718 quella
555 3640 592 3699 de
614 3657 706 3718 sopra
726 3638 777 3698 uol
798 3655 882 3698 esser
902 3638 925 3697 li
945 3649 1053 3716 quatro
1074 3641 1148 3701 noni
1168 3640 1433 3706 medesimamente

103 3757 161 3816 per
174 3738 320 3800 diametro
336 3759 451 3802 comme
465 3745 517 3820 qui
536 3741 666 3821 desupra
679 3741 1006 3820 proportionatamente
1019 3741 1100 3820 degli
1115 3743 1182 3803 ochi
1197 3753 1227 3804 te
1240 3745 1273 3804 ia
1285 3757 1433 3824 presente.
1527 3769 1529 3774 ·

231 3911 260 3972 C

189 4069 306 4146 Queeta
330 4071 436 4132 lettera
458 4069 515 4133 .Ο.
542 4089 577 4133 se
602 4091 677 4132 caua
702 4072 753 4132 del
777 4043 870 4131 tundo
896 4070 985 4132 edel
1011 4089 1066 4133 auo
1093 4074 1210 4151 quadro
1234 4076 1435 4154 ingrossando

103 4174 137 4234 la
154 4181 263 4251 quarte
276 4181 360 4252 parte
381 4173 419 4233 de
433 4175 498 4234 iore
519 4191 663 4234 eaneore
683 4172 721 4232 de
741 4173 856 4232 deutro.
889 4172 937 4232 La
951 4182 1029 4233 testa
1049 4173 1087 4234 de
1108 4193 1198 4251 sopra
1217 4177 1323 4237 dnesci
1345 4195 1436 4257 sopra

186 4382 210 4446 ¹)
229 4383 356 4436 Feliciani
374 4385 455 4438 rerba
477 4402 510 4438 ex
529 4385 618 4438 lilthlii
638 4383 802 4450 apographo,
827 4384 914 4435 Lucae
932 4383 1049 4434 Paciuoli
1072 4397 1105 4434 ex
1132 4385 1252 4450 exemplo
1277 4387 1347 4452 quod
1370 4388 1435 4440 aml-

104 4477 225 4530 ciasimua
242 4477 307 4528 mihi
326 4477 364 4528 M.
383 4479 515 4530 Jordanus
534 4477 717 4539 commodavit,
737 4481 856 4527 accurate
875 4475 1045 4540 exprimenda
1063 4475 1158 4539 curavi,
1183 4477 1221 4527 ita
1239 4483 1326 4528 tamen
1343 4483 1373 4529 ut
1390 4494 1435 4531 ue·

105 4585 156 4637 que
175 4583 260 4621 nexus
278 4570 420 4622 litterarum
439 4585 523 4637 neque
541 4576 640 4621 ceterae
658 4575 734 4620 notae
753 4583 860 4634 quamn
880 4566 985 4634 quidem
1007 4567 1146 4634 explicatio
1169 4575 1239 4620 certa
1257 4575 1325 4620 esset
1341 4571 1436 4624 retius·

105 4677 176 4724 rem
200 4663 264 4712 item
283 4677 316 4713 ne
334 4663 438 4728 legendi
455 4662 637 4733 difficultatem
655 4660 712 4712 sine
730 4660 841 4710 utilitate
859 4675 992 4725 augerem,
1018 4659 1169 4722 verbosare
1188 4661 1222 4712 ad
1241 4666 1356 4712 nostram
1374 4677 1436 4715 con·

104 4753 268 4807 suetudinem
287 4755 403 4806 distinxi.
442 4755 562 4807 Ceterum
582 4755 609 4804 in
628 4753 739 4804 Jordani
761 4751 881 4818 exemplo
899 4753 985 4817 operis
1004 4751 1121 4803 Pacluoli
1140 4751 1318 4804 desiderantur
1335 4753 1437 4807 litterae

104 4861 174 4914 quae
193 4855 253 4897 sant
271 4859 287 4902 ι
307 4853 334 4898 et
353 4859 383 4910 ις
408 4861 474 4913 quae
492 4861 526 4898 ne
549 4845 592 4897 blo
611 4859 712 4911 qaoque
732 4844 953 4907 desiderarentur,
977 4843 1059 4895 mater
1080 4857 1153 4894 mear
1170 4843 1341 4896 bibliothecas
1358 4845 1437 4899 Urbis

104 4954 281 5016 perscrutatus
306 4955 354 5000 est.
392 4949 425 4998 In
449 4948 526 4999 unico
550 4953 637 4998 summ
661 4947 732 5012 quod
754 4945 868 5013 repperit
890 4945 1010 5011 exemplo
1033 4943 1204 4998 bibliothecas
1223 4945 1397 5020 ⁴(lorsinlunas
1420 4963 1437 5006 z

106 5051 196 5102 littera
213 5065 266 5101 nou
279 5050 364 5101 miuus
381 5064 459 5115 quam
477 5049 505 5100 in
518 5049 664 5101 Jordanian
677 5047 825 5098 ointercldit
836 5045 946 5113 ldeoqne
958 5046 1025 5098 nihil
1037 5046 1087 5097 nisi
1101 5061 1131 5098 ea
1150 5061 1217 5114 quae
1234 5047 1269 5099 ad
1287 5060 1304 5103 ι.
1323 5049 1437 5102 litteram

105 5153 246 5219 pertinent,
259 5151 346 5202 fratris
359 5150 485 5202 beneflcio
499 5150 542 5200 bio
553 5150 666 5201 inserere
678 5148 760 5214 potui.
774 5171 808 5182 -
827 5145 900 5208 Quas
912 5154 957 5197 ant
968 5147 1088 5199 addenda
1100 5156 1145 5199 aut
1156 5149 1308 5215 corrlgcnda
1319 5149 1436 5201 alderan-

105 5253 149 5296 tur
161 5245 264 5296 usitatis
276 5245 357 5310 signis
369 5241 491 5294 indicavi.
517 5241 665 5294 Nonnullae
671 5240 797 5292 Felicianl
809 5239 890 5289 libelli
902 5240 974 5291 locos
986 5240 1133 5292 felicissime
1145 5240 1437 5307 emendavitlldolpbas

107 5337 215 5400 Tobler,
235 5338 276 5388 eui
295 5351 361 5404 quae
379 5335 521 5385 debeantur
539 5333 615 5386 iacile
632 5334 741 5384 lectores
759 5332 921 5398 perspicient.

896 5525 902 5562 l
