3578 5962
483 581 781 636 oasnnvumouns
799 581 918 636 neren.
938 583 1001 636 xv.
1333 573 1406 650 293

86 757 159 835 qnod
180 754 329 816 eiusmodi
355 754 446 832 legati
468 755 658 814 nominantur
679 756 717 813 ab
739 773 774 814 eo
796 755 990 832 magistratu,
1017 756 1069 832 qui
1094 765 1215 818 senatus
1240 766 1409 828 consultum

85 858 112 917 id
133 876 192 936 quo
214 856 362 916 nominari
382 856 522 916 iubentur
541 856 622 931 fecit,
643 841 678 916 lit
699 875 738 916 ex
752 857 967 918 consuetudine
980 857 1118 916 Romana
1138 859 1409 945 (Liv.43‚1,1o).

162 959 337 1020 Posteriora
363 967 487 1018 senatus
509 959 648 1018 consulto
676 959 768 1018 verba
792 958 969 1018 iacientibus
997 959 1103 1024 iisdem
1130 960 1290 1024 Thisbaeis
1315 971 1411 1046 partis

85 1061 233 1122 Romanae
255 1060 386 1137 quinque
407 1060 480 1120 viris
501 1059 550 1132 iis,
571 1077 649 1136 quos
669 1059 789 1119 interim
811 1067 982 1137 apraetore
1004 1061 1171 1120 nominatos
1194 1081 1263 1123 esse
1285 1085 1411 1131 consen·

86 1168 199 1221 taneum
222 1167 284 1234 est,
312 1148 457 1220 asenatu
477 1161 707 1238 praescribitur,
734 1160 805 1237 quid
835 1161 865 1219 in
885 1163 975 1220 rebus
996 1161 1216 1222 Thisbaeorum
1238 1168 1411 1232 ordinandis

86 1262 165 1339 sequi
180 1279 233 1322 eos
249 1268 396 1340 oporteat.
428 1259 470 1319 Et
483 1261 521 1320 ds
541 1263 639 1339 capite
652 1261 750 1339 primo
772 1261 815 1339 (v.
833 1261 969 1338 17-20)
990 1282 1093 1322 verum
1107 1264 1182 1323 vidit
1203 1265 1263 1326 iam
1278 1268 1410 1332 Foucar·

86 1371 139 1422 tas.
181 1364 404 1423 Thisbaeorum
425 1381 497 1442 ager
513 1381 580 1422 cum
598 1382 651 1439 per
666 1363 847 1422 deditionem
860 1364 1065 1424 Romanorum
1085 1366 1183 1426 factus
1205 1379 1287 1428 esset
1307 1389 1410 1433 secun·
1508 1383 1511 1388 '

86 1464 151 1524 dum
172 1471 276 1524 notam
297 1465 457 1524 formulam
484 1463 567 1541 (Liv.
591 1465 618 1534 l,
638 1465 688 1538 38,
708 1463 755 1540 2):
786 1467 924 1524 deditisne
950 1484 1000 1525 aaa
1021 1468 1216 1545 populumque
1238 1471 1412 1538 Collatinum

87 1567 175 1626 urbem
188 1583 280 1644 apros
294 1585 401 1644 aquam
415 1569 549 1626 terminer
570 1566 689 1625 delubro
702 1568 837 1626 uteuailia
850 1568 950 1625 diviua
966 1567 1144 1646 humanaque
1157 1574 1252 1628 emota
1272 1577 1302 1632 iu
1323 1594 1413 1650 meum

83 1668 237 1744 populique
263 1667 388 1728 Romani
420 1668 573 1726 didonem?
598 1663 762 1726 ‘Dedimua’.
805 1667 847 1726 At
876 1686 927 1745 epo
944 1672 1080 1744 recipio,
1114 1670 1183 1744 vol,
1202 1679 1235 1730 ιιι
1260 1684 1307 1745 est
1333 1679 1413 1756 apud

86 1767 242 1845 Polybium
266 1767 316 1840 36,
338 1769 358 1827 4
380 1767 439 1845 [2]:
461 1760 563 1852 χώραν
646 1758 694 1828 uui
715 1757 811 1828 uitare
910 1756 1017 1850 ἄνδρας
1030 1759 1078 1826 καὶ
1095 1773 1236 1846 γυναῖκας
1321 1799 1414 1835 ποτα.

86 1862 151 1936 uode
170 1860 286 1943 λιμένας
306 1864 366 1952 ἱερὰ
387 1865 510 1946 τρέφοις,
531 1869 591 1928 iam
614 1887 685 1946 ager
705 1869 743 1928 iis
756 1869 901 1942 redditur,
923 1869 1060 1928 similiter
1078 1857 1168 1947 atque
1182 1873 1414 1942 Plarasensibus

87 1977 114 2028 et
126 1971 410 2048 Aphrodisiensibus
432 1972 614 2044 conceditur,
635 1961 709 2031 irrue
729 1967 745 2040 ἦ
761 1961 843 2032 uitae
857 1959 904 2026 ucri
927 1969 951 2026 ei
965 1971 1092 2028 πολεῖται
1177 1977 1279 2042 κωμῶν
1301 1977 1414 2062 χωρίων

87 2064 278 2154 ὄχυρινμάτων
300 2065 367 2154 ὅρων
390 2062 533 2154 προσόδων
558 2067 627 2155 apic
647 2066 697 2144 τὴν
718 2064 816 2150 φιλίαν
837 2061 869 2128 ri
892 2067 951 2149 [ἐφ’
972 2069 1052 2151 ἧμ]ῒν
1073 2074 1213 2157 κρατῶσιν
1238 2075 1288 2154 (G.
1311 2078 1336 2138 Ι,
1360 2079 1413 2141 Gr,

89 2169 188 2250 atat).
231 2173 381 2232 Redditur
407 2180 511 2248 autem
533 2191 605 2250 ager
631 2174 688 2247 ita,
715 2180 748 2232 ιιι
773 2173 883 2231 habere
904 2170 1009 2245 liceat,
1036 2191 1097 2231 nou
1125 2183 1281 2252 uteorum
1303 2181 1357 2253 ait,
1383 2183 1416 2241 id

89 2282 132 2332 eat
150 2274 207 2333 boc
228 2273 392 2334 Thisbaeis
413 2274 562 2347 tribuitur,
584 2283 616 2334 ut
638 2292 743 2352 agrum
765 2293 855 2351 quem
876 2281 946 2333 ante
967 2273 1079 2362 bellurn
1098 2274 1285 2352 habuissent,
1307 2289 1416 2357 postea

89 2391 201 2452 quoqne
232 2362 379 2434 baberent
408 2393 469 2433 non
500 2375 688 2435 dominorum
725 2375 809 2448 loco,
842 2375 898 2434 sed
933 2391 1162 2452 possessorum
1201 2397 1297 2455 nsque
1328 2381 1416 2459 liber·

89 2483 174 2536 tatem
199 2476 362 2553 accipiunt,
392 2476 448 2536 sed
470 2475 648 2554 rediguntur
671 2477 749 2536 inter
773 2477 912 2536 civitates
937 2475 1146 2553 stipendiarias
1173 2478 1215 2556 (v.
1241 2481 1418 2558 Marquardt

90 2577 194 2636 enchir.
210 2576 242 2650 3,
260 2578 287 2650 l,
304 2575 388 2654 265).
403 2609 445 2620 —
467 2576 545 2636 Tam
567 2575 745 2656 [re]ue[v]oiu
766 2594 857 2653 qnam
880 2567 1054 2656 [λι]νε’[ν]ων
1074 2577 1240 2640 Foucartus
1261 2585 1420 2660 proposuit

90 2677 143 2736 hoc
162 2679 351 2756 praeferens,
379 2678 459 2754 quod
481 2678 579 2754 eapite
601 2687 744 2754 sequente
765 2688 873 2756 agatur
897 2677 933 2736 de
955 2678 1093 2756 templis3
1121 2685 1152 2738 at
1173 2699 1209 2739 eo
1231 2684 1330 2759 capite
1350 2703 1418 2744 cum

91 2785 190 2854 agatur
208 2781 248 2840 de
269 2778 463 2852 sacerdotiis,
488 2779 537 2838 hic
558 2778 683 2838 delubra
703 2779 801 2838 omitti
821 2787 987 2856 nequeunt,
1016 2798 1084 2839 curn
1106 2782 1186 2859 quod
1208 2783 1317 2843 adsum
1338 2787 1419 2864 apud

90 2877 204 2940 Livium
227 2888 258 2940 et
276 2879 447 2958 Polybium,
469 2889 533 2939 tum
554 2879 634 2957 quod
655 2881 723 2958 ipsa
742 2897 791 2940 res
813 2881 949 2957 requirit,
972 2887 1006 2940 ιιι
1026 2882 1199 2942 universum
1220 2885 1318 2944 solum
1340 2889 1421 2964 quod

92 2979 145 3039 luit
170 2981 277 3060 populi
304 2998 372 3042 sese
398 2980 532 3040 dedentis
560 2990 620 3040 tam
648 2998 768 3060 sacrum
795 2999 884 3057 quarn
912 2982 1071 3059 profanum
1098 2983 1205 3043 victori
1229 2987 1333 3064 populi
1353 3005 1421 3063 per·

92 3083 230 3142 mittatur.
274 3080 377 3156 Quare
404 3100 585 3159 quamquam
611 3083 700 3140 etiam
722 3071 827 3159 portus
846 3089 927 3140 recte
953 3081 1002 3140 hic
1022 3082 1120 3141 locum
1141 3084 1253 3143 habers
1273 3065 1371 3163 potuit
1392 3095 1422 3147 et

92 3181 214 3258 pluralis
229 3183 359 3244 sortasse
380 3184 528 3255 excusari,
549 3183 643 3243 malui
657 3183 756 3243 iocum
778 3180 851 3242 dare
872 3181 1014 3258 antiquae
1037 3189 1067 3240 et
1080 3183 1244 3244 tralaticiae
1264 3185 1420 3247 formulae.

93 3274 228 3366 Πρόσοδοι
249 3285 363 3344 reditus
385 3292 469 3357 sunt,
496 3303 574 3362 quos
595 3285 725 3362 populus
748 3301 813 3343 sese
834 3282 945 3342 dedens
968 3301 1008 3340 ex
1029 3283 1098 3342 solo
1120 3303 1180 3343 non
1202 3303 1257 3344 suo
1279 3287 1421 3366 percepit,

95 3392 215 3462 utputa
235 3386 349 3446 tributa
369 3403 476 3464 regum
503 3385 548 3444 vel
574 3386 753 3463 populorum
779 3384 840 3460 ipsi
867 3382 1064 3444 subditorum.
1106 3375 1192 3469 “Opta
1217 3387 1266 3446 vel
1293 3380 1349 3471 iper
1377 3389 1423 3465 (id

97 3486 170 3546 euim
191 3487 407 3548 restituendum
428 3504 494 3546 esse
516 3504 608 3566 supra
625 3505 655 3564 p.
669 3485 728 3546 aad
745 3483 805 3546 mi
821 3485 964 3563 vidimus)
984 3485 1166 3564 respondent
1182 3487 1318 3548 terminis
1332 3487 1423 3564 Livii,

95 3578 162 3670 ὅροις
181 3588 278 3649 titulis
299 3589 389 3647 modo
410 3588 503 3646 citati.

171 3685 280 3768 Capite
308 3687 439 3748 secundo
466 3688 507 3765 (v.
537 3687 685 3765 20-24)
713 3697 835 3750 cavetur
862 3689 900 3748 de
925 3689 1150 3767 magistratibus
1179 3697 1209 3749 et
1237 3692 1423 3765 sacerdotiis,

95 3786 162 3848 item
188 3789 227 3848 de
252 3789 451 3867 vectigalibus
477 3790 607 3867 publicis
633 3791 887 3851 administrandis.
935 3789 979 3850 Ut
1010 3809 1047 3850 ea
1073 3791 1187 3850 omnia‘
1201 3793 1232 3850 iu
1261 3808 1316 3850 suo
1344 3799 1425 3852 statu

95 3898 242 3963 maneant,
262 3891 296 3950 id
316 3898 363 3949 cat
383 3899 416 3950 ut
436 3908 507 3950 suas
528 3890 610 3969 leges
633 3891 778 3953 Thisbaei
800 3893 957 3965 retineant,
979 3910 1039 3949 non
1060 3901 1121 3951 tam
1143 3895 1314 3952 enuntiatur
1335 3911 1426 3969 quam

96 3992 182 4052 tacite
203 3991 371 4050 admittitur
386 3992 559 4051 condicione
578 3992 731 4069 imposita,
752 4001 785 4052 ιιι
803 4013 857 4071 per
876 3992 978 4053 decem
999 4011 1096 4054 annos
1109 3995 1266 4070 proximos
1281 3994 1427 4054 Thisbaei

95 4089 116 4149 ii
137 4093 204 4167 soli,
230 4093 282 4170 qui
304 4099 373 4152 ante
395 4093 649 4172 oppugnationem
676 4094 780 4171 oppidi
805 4095 844 4152 ad
864 4093 1019 4154 Romanos
1042 4094 1255 4167 descivissent,
1281 4095 1313 4153 in
1334 4097 1425 4154 rebus

97 4200 126 4250 et
149 4193 348 4271 vectigalibus
375 4193 505 4271 publicis
532 4192 778 4252 administrandis
804 4201 975 4265 versentur,
1005 4195 1115 4270 reliqui
1141 4213 1196 4252 nec
1220 4196 1349 4254 bonores
1377 4213 1427 4253 ca-

97 4302 221 4369 pessant
241 4312 297 4354 nec
316 4294 454 4371 publicos
476 4293 589 4354 reditus
610 4300 745 4353 tractent.
776 4292 862 4352 Haec
883 4311 981 4370 poena
1002 4302 1048 4352 est
1069 4302 1156 4351 extra
1176 4293 1311 4352 ordinem
1332 4294 1426 4352 sociis

98 4389 311 4454 Haliartiorum
332 4403 363 4454 et
385 4393 608 4454 Coronaeorum
629 4394 783 4472 imposite3
808 4393 885 4452 illud
906 4401 1005 4451 autem
1027 4393 1116 4474 enam
1137 4393 1177 4452 ad
1198 4393 1334 4470 reliquas
1352 4393 1426 4452 eiri-

99 4500 172 4554 tates
200 4493 411 4574 stipendiarias
438 4495 557 4554 videtur
582 4494 745 4572 pertinere,
777 4493 859 4572 quod
884 4493 991 4552 iisdem
1018 4511 1091 4553 suae
1118 4494 1200 4572 leges
1228 4511 1290 4551 non
1314 4493 1426 4552 diserte

98 4594 267 4668 reddantur,
293 4595 348 4654 sed
367 4595 516 4674 precario,
542 4614 598 4654 nec
623 4613 692 4654 raro
710 4594 840 4654 fortasse
865 4595 897 4654 in
918 4603 1035 4674 tempus
1062 4601 1188 4668 tantum,
1210 4593 1427 4669 relinquantur.

98 4690 204 4772 Neque
229 4695 309 4754 enim
334 4713 371 4753 eo
397 4694 540 4756 differunt
564 4694 701 4756 civitates
723 4695 937 4774 stipendiariae
958 4715 977 4754 a
997 4695 1114 4768 liberis,
1141 4695 1222 4771 quod
1250 4711 1320 4754 suas
1342 4695 1426 4772 leges

99 4791 167 4854 illae
191 4814 253 4856 non
273 4795 386 4854 habent
411 4794 454 4872 (r.
476 4795 652 4873 blarqaardt
676 4797 698 4856 i.
720 4795 776 4873 e.)‚
804 4795 858 4855 sed
883 4794 965 4872 quod
990 4795 1037 4854 his
1063 4794 1090 4852 si
1115 4813 1176 4854 non
1202 4796 1270 4872 iege
1295 4795 1426 4872 publica,

99 4901 178 4955 certe
203 4903 326 4956 senatus
353 4895 489 4956 consulto
516 4897 745 4970 confirmantur,
769 4895 831 4956 illis
856 4897 901 4955 ita
925 4896 1150 4973 relinquuntur,
1177 4901 1212 4955 ut
1236 4894 1364 4956 liberum
1388 4897 1428 4955 sit

100 4995 217 5056 senatui
236 5011 290 5055 eas
311 5014 379 5055 cum
401 4995 474 5055 velit
493 4996 532 5056 iis
554 4995 694 5058 adimere.
1104 4983 1106 4986 ⁵

180 5093 282 5171 Caput
302 5096 422 5156 tertium
445 5097 486 5172 (v.
511 5095 648 5174 25-27)
669 5098 749 5156 bona
769 5097 888 5174 privata
909 5095 952 5155 ita
972 5097 1137 5170 confirmat,
1162 5106 1196 5156 ut
1217 5105 1335 5158 maneat
1356 5099 1427 5156 item

103 5193 281 5271 stipendium
303 5207 392 5258 antea
417 5197 456 5257 iis
482 5197 663 5276 impositum.
706 5196 804 5268 Aliter
832 5196 911 5256 enim
936 5198 1027 5257 verba
1053 5217 1072 5258 a
1093 5197 1243 5260 Foucarto
1268 5216 1328 5258 non
1347 5179 1426 5256 recte

1183 5298 1220 5357 21
