3578 5962
339 590 414 662 240
719 605 863 660 ronnas
888 604 1072 658 nnnnnon.
1099 601 1303 657 nnvmrvrr.
1392 603 1396 608 ·

421 778 502 841 Nam
518 813 556 824 -
571 789 605 839 ut
624 797 704 838 nunc
725 779 845 838 tandem
864 778 984 838 redeam
1002 779 1040 838 ad
1053 786 1189 838 naturam
1203 777 1293 836 huius
1307 776 1386 835 sacri
1399 775 1608 854 explicandam
1623 807 1658 820 -

339 899 426 942 sacra
440 880 578 940 Volcano
599 881 630 939 in
650 881 781 954 comitio,
804 878 931 954 Quirino
951 881 984 939 in
1004 879 1079 939 colle
1100 897 1160 939 uno
1181 879 1230 938 die
1250 878 1332 938 facta
1352 895 1539 956 nequaquam
1559 877 1661 938 viden-

339 990 388 1042 tur
418 982 501 1042 nulla
531 983 687 1060 religionis
719 982 927 1042 communione
958 998 1026 1041 esse
1057 981 1223 1040 coniuncta
1276 979 1447 1040 memineris
1478 979 1512 1037 in
1541 979 1662 1040 comitio

338 1083 449 1144 factum
474 1085 574 1159 putari
600 1081 705 1144 foedus
730 1083 807 1142 inter
831 1082 992 1142 Romulum
1018 1089 1049 1142 et
1069 1081 1172 1142 Titum
1193 1080 1325 1153 Tatium,
1351 1097 1412 1156 quo
1438 1080 1499 1140 icto
1525 1088 1599 1140 nata
1625 1081 1662 1140 sit

338 1202 387 1244 res
412 1184 533 1262 publica
559 1185 663 1262 populi
689 1184 818 1244 Romani
846 1183 1022 1259 Qniritium3
1055 1183 1087 1242 in
1112 1184 1254 1260 contigua
1278 1180 1408 1240 Volcani
1433 1199 1505 1240 area
1529 1181 1662 1242 eiusdem

338 1285 442 1362 populi
464 1294 599 1345 senatum
620 1287 748 1363 primum
769 1286 878 1358 coisse,
906 1285 1061 1345 dedicasse
1082 1283 1245 1342 Romulum
1266 1284 1360 1342 lotum
1380 1301 1562 1360 aequaeuam
1587 1283 1662 1355 urbi,

340 1394 374 1445 ut
394 1386 539 1463 quidquid
561 1389 701 1447 statueris
724 1389 761 1446 de
775 1386 903 1446 Volcani
924 1385 1055 1445 numinis
1076 1385 1244 1462 origine-
1265 1402 1363 1462 neque
1384 1400 1454 1443 vero
1476 1384 1570 1443 solam
1596 1403 1662 1445 eum

338 1487 543 1548 incendiorum
571 1488 767 1548 arcendorum
793 1505 895 1546 curam
921 1486 1091 1565 suscepisse
1118 1493 1231 1546 certum
1253 1492 1301 1545 cst
1322 1515 1361 1530 a-
1386 1484 1477 1545 lerias
1505 1486 1567 1546 eins
1598 1505 1662 1564 pcr-

339 1586 465 1648 tinuisse
490 1590 529 1647 ad
554 1590 731 1649 celebranda
751 1589 950 1648 Romulianae
975 1588 1020 1646 rei
1045 1586 1182 1664 publicae
1208 1587 1295 1646 initia
1322 1587 1397 1647 satis
1423 1586 1455 1646 in
1482 1596 1588 1663 aperto
1614 1589 1660 1647 sit.

339 1688 424 1765 atqui
445 1693 616 1767 Angustum
638 1691 762 1750 alterius
784 1689 907 1749 Romuli
928 1705 1087 1766 personam
1112 1689 1248 1748 induisse
1272 1697 1375 1746 notum
1397 1694 1444 1747 est
1469 1687 1519 1764 (cf.
1540 1688 1661 1749 Rubino

346 1788 594 1868 Untcrsoclaayen
611 1794 637 1864 1,
656 1791 743 1867 104):
765 1809 854 1868 quem
874 1809 941 1849 cum
963 1808 1042 1848 anno
1057 1789 1117 1849 738
1139 1789 1202 1849 divi
1217 1789 1339 1848 Romuli
1360 1789 1464 1848 aedem
1483 1789 1661 1861 restitueret,
1750 1815 1755 1826 ·

339 1889 412 1967 quid
438 1890 533 1969 magis
554 1899 787 1952 consentaneum
809 1910 900 1969 quem
922 1909 1009 1951 sacra
1029 1890 1095 1950 deri
1118 1890 1156 1948 ad
1177 1909 1244 1950 eam
1264 1889 1392 1950 iussisse
1413 1909 1448 1950 eo
1469 1891 1528 1964 die,
1547 1909 1611 1967 quo
1630 1893 1661 1951 in

340 1989 461 2050 comitio
488 1991 594 2052 fierent
614 1990 751 2052 Volcano
773 1993 911 2052 conditae
932 1990 1126 2051 urbis'testii
1162 1998 1193 2050 et
1213 1987 1331 2052 constat
1350 1991 1508 2052 Arvalium
1528 1992 1660 2052 hemero·

340 2089 453 2169 logium
479 2099 550 2168 post
570 2112 597 2152 a.
621 2093 680 2154 738
703 2093 871 2154 coniectum
892 2111 969 2154 esse.
1012 2101 1167 2170 praeterea
1191 2093 1295 2154 nescio
1326 2113 1364 2152 an
1383 2093 1495 2153 nullius
1521 2094 1660 2154 momenti

340 2191 382 2250 eit
402 2192 440 2252 ad
461 2193 538 2254 hanc
559 2192 679 2269 Quirini
700 2201 730 2254 et
747 2193 877 2254 Volcani
897 2195 1135 2254 coniunctionem
1156 2194 1341 2271 probandam
1363 2195 1444 2271 quod
1465 2193 1522 2254 On.
1535 2193 1659 2254 Flavius

340 2310 433 2370 supra
453 2295 604 2356 comitium
625 2295 656 2355 in
679 2294 874 2357 Graecostasi
900 2295 963 2355 sive
990 2296 1021 2354 in
1041 2295 1168 2356 Volcani
1189 2313 1259 2355 area
1280 2293 1467 2356 Concordiae
1488 2296 1591 2356 aedem
1612 2296 1658 2355 de-

339 2393 493 2469 dicaverit,
515 2396 654 2472 quodque
675 2405 745 2456 ante
767 2394 888 2471 Quirini
907 2395 1050 2473 templum
1070 2397 1160 2475 myrti
1181 2413 1285 2456 sacrae
1307 2397 1402 2456 altera
1420 2399 1547 2475 patricia
1565 2398 1658 2458 altera

341 2494 460 2573 plebeia
480 2497 629 2557 steterint:
661 2501 736 2558 inter
756 2501 956 2574 antiquissimu
975 2516 1097 2574 namque
1117 2497 1234 2557 delubra
1255 2481 1375 2556 tataa'r
1397 2497 1522 2570 Quirini,
1549 2498 1602 2559 doc
1621 2509 1658 2559 cst

339 2598 433 2672 ipsias
446 2595 563 2656 Romuli
582 2616 608 2657 e.
624 2616 654 2674 q.
669 2617 693 2658 s.
716 2598 810 2675 (Plin.
827 2601 875 2670 15,
893 2598 976 2675 120).
1008 2599 1117 2675 quodsi
1137 2597 1270 2676 Augusti
1290 2598 1377 2658 iussu
1399 2616 1517 2658 sacrum
1531 2597 1604 2658 illud
1616 2599 1657 2658 in·

340 2697 477 2756 stitutum
491 2704 545 2769 est,
559 2698 628 2758 inde
642 2717 702 2758 non
717 2699 862 2777 sequitur,
881 2708 915 2758 ut
926 2699 1067 2759 refectam
1081 2700 1158 2760 hanc
1172 2700 1275 2759 aedem
1290 2699 1394 2760 eodem
1408 2699 1457 2760 die
1471 2699 1656 2760 dedicaverit.

341 2797 386 2855 sic
413 2812 502 2872 posse
529 2797 678 2875 explicari
703 2799 762 2858 tria
786 2798 905 2874 Quirini
932 2817 1018 2860 sacra
1044 2801 1075 2859 in
1103 2800 1189 2861 fastis
1217 2801 1359 2862 adnotata
1384 2819 1471 2861 nemo
1498 2802 1656 2880 negaverit,

340 2895 448 2956 debere
473 2895 596 2956 minime
621 2899 777 2960 contendo.
826 2909 859 2960 at
883 2901 1031 2961 contendo
1059 2921 1097 2960 ne
1124 2902 1171 2962 his
1197 2902 1317 2979 quidem
1344 2903 1438 2962 sacris
1465 2901 1656 2963 demonstrari

340 3005 461 3074 praeter
477 2997 553 3056 illud
575 3000 719 3060 sacellum
739 3001 842 3078 plures
864 3002 959 3062 fuisse
982 3001 1100 3076 Quirini
1120 3003 1152 3066 in
1173 3003 1249 3063 colle
1269 3003 1370 3075 aedes,
1400 3003 1503 3082 plures
1530 3003 1655 3082 singula-

340 3115 407 3157 rum
428 3098 546 3160 aedium
566 3101 691 3176 natales,
718 3103 808 3181 idque
834 3119 924 3183 spero
949 3105 1006 3165 hac
1029 3123 1097 3164 mea
1117 3105 1319 3184 disputatione
1339 3103 1572 3166 dubitationibus
1591 3119 1655 3164 esse

339 3207 520 3278 exemptum.
