3546 5950
938 629 1138 682 WILMANNS

679 902 747 976 DE
774 899 1066 978 PRAEFECTO
1095 899 1406 977 OASTRORVM.

459 1077 609 1136 Praefecti
632 1085 798 1136 castrorum
821 1077 976 1152 quaerenti
998 1074 1072 1134 mihi
1092 1075 1286 1134 innotuerunt
1306 1075 1352 1133 hic

443 1204 474 1280 l)
508 1203 664 1281 Veepaeiea
679 1202 783 1261 Pollio.
799 1235 840 1244 -
864 1201 942 1260 Suet.
966 1201 1084 1276 Veapae.
1096 1202 1127 1258 1.·
1148 1201 1245 1273 Polla,
1260 1201 1389 1260 Nartiae
1401 1200 1517 1259 honesto
1529 1221 1624 1277 pmere
1637 1212 1684 1258 crta

526 1313 642 1380 putrem
663 1304 762 1362 lubuit
781 1303 948 1379 l'eapaaium
962 1302 1130 1372 Pollionem,
1153 1311 1196 1362 ier
1218 1304 1360 1361 ulianam
1380 1302 1502 1360 militum
1518 1305 1684 1380 praefectua-

530 1424 584 1481 que
606 1415 775 1476 caetrornm,
791 1406 915 1478 fratrem
937 1413 1093 1462 senatorem
1110 1406 1276 1479 praeteriere
1298 1405 1457 1478 dipnitatie.

377 1505 529 1581 Vespasia
549 1505 638 1564 Polla
662 1513 758 1563 mater
778 1513 825 1563 est
845 1503 1027 1581 Vespasiani
1049 1503 1252 1580 imperatoris,
1279 1505 1344 1563 neti
1365 1522 1446 1563 anno
1462 1504 1481 1562 9
1497 1523 1527 1582 p.
1544 1503 1594 1576 0.,
1619 1511 1684 1580 pater

378 1607 469 1683 igitur
490 1607 555 1665 siue
577 1606 667 1664 dubio
689 1606 906 1682 praefecturam
928 1611 1093 1664 castrorum
1115 1606 1244 1664 obtinuit
1263 1606 1430 1681 imperante
1450 1607 1598 1682 Augusto.

442 1707 476 1784 2)
509 1706 562 1765 Μ’
584 1705 709 1764 Ennius.
726 1740 766 1750 -
787 1707 847 1765 Dio
860 1709 909 1778 55,
927 1707 948 1763 8
968 1705 1058 1782 (amno
1076 1707 1097 1763 8
1106 1726 1139 1782 p.
1158 1703 1207 1784 C.)
1229 1697 1432 1790 Σκενόβαρδᾶο
1451 1727 1497 1766 rrc
1517 1695 1683 1790 npcrrcrnra'-

530 1828 613 1874 μενος
632 1799 870 1876 percurrisse-&cer
893 1795 941 1864 arel
963 1796 1088 1878 rinellum
1107 1802 1174 1864 κατ’
1194 1799 1263 1864 milri
1284 1808 1367 1863 τοῦτο
1389 1801 1459 1891 rrpdc
1479 1797 1585 1865 Μάνιον
1601 1795 1684 1864 'Erras

531 1899 716 1990 φρούραρχον
737 1900 858 1967 {senlac
879 1903 914 1966 de
935 1897 1042 1976 ἕτοιμοι·
1062 1896 1110 1976 plu
1133 1897 1169 1965 ὢν
1190 1903 1382 1978 αὐτομολῆσαι
1402 1916 1466 1966 κτλ.
1480 1941 1523 1952 -
1548 1909 1611 1968 Tac.
1624 1909 1683 1966 Aac.

530 2009 617 2083 I,38
638 2008 726 2084 (unna
740 2010 781 2068 11
791 2028 823 2084 p.
843 2009 889 2085 0.)
912 2009 955 2067 At
974 2013 1005 2068 in
1026 2009 1149 2069 Glaucia
1169 2020 1332 2086 coeptavere
1349 2011 1515 2070 seditionem
1531 2010 1685 2087 praesidien

530 2114 672 2187 apituniea
697 2111 843 2169 vexillarii
868 2112 1041 2170 dlecordium
1067 2113 1208 2188 lepionnm
1233 2119 1259 2170 el
1279 2115 1428 2187 praesenti
1448 2113 1571 2170 duonem
1589 2111 1683 2170 radiae

530 2213 673 2288 tupplicio
696 2212 831 2288 paullum
856 2215 982 2286 repretti
1006 2221 1080 2271 aunt
1124 2212 1256 2272 Imtmal
1275 2213 1307 2270 id
1326 2211 1381 2270 M?
1397 2211 1529 2286 Meiere,
1554 2223 1684 2274 meusne

527 2316 704 2388 praefectus,
725 2313 797 2372 bono
817 2317 910 2388 mopie
931 2313 1055 2388 ecanplo
1076 2331 1163 2390 quam
1184 2329 1315 2374 conceseo
1335 2317 1407 2372 iure.

378 2411 430 2471 M!
444 2411 537 2471 Ennii
558 2433 667 2473 nomen
687 2423 768 2473 recte
790 2412 870 2490 apud
884 2413 1023 2476 Tacitum
1045 2413 1177 2474 restituit
1194 2413 1410 2491 Nipperdeius3
1432 2415 1502 2475 cod.
1521 2416 1598 2476 Med.
1616 2413 1684 2472 hebet

378 2513 524 2573 Memmiae.

441 2616 471 2674 3.
482 2613 518 2690 4)
545 2613 585 2675 L.
604 2615 727 2692 Eppius.
756 2615 900 2676 Ceionius.
917 2648 955 2660 -
987 2615 1110 2688 Vesta
1130 2618 1187 2678 119
1208 2616 1379 2694 (annollp.
1404 2618 1435 2678 C.
1463 2621 1497 2676 in
1519 2619 1626 2695 proelio
1643 2614 1683 2674 l'u·

530 2716 647 2793 riano).·
672 2717 750 2776 Daci
773 2717 843 2794 plne
868 2719 910 2777 ud
934 2719 1111 2777 moriendum
1136 2736 1222 2796 quam
1248 2721 1291 2778 ed
1311 2720 1503 2796 papnundum
1522 2721 1608 2779 anisns'
1623 2717 1683 2792 suit:

530 2823 637 2895 quiprpe
651 2822 769 2894 paterni
788 2821 914 2895 avitique
935 2821 1056 2894 ecempli
1076 2837 1221 2879 succesum
1238 2838 1269 2879 ee
1281 2825 1344 2896 ipre
1357 2821 1510 2896 transfixit.
1542 2821 1583 2879 At
1594 2839 1608 2877 e
1617 2835 1685 2894 pree

523 2921 610 2995 seclia
632 2928 791 2978 caecorum
810 2920 920 2979 duciae
941 2939 1028 2998 quam
1049 2923 1158 2982 clarum
1180 2922 1335 2999 cuempiam
1348 2920 1387 2982 L.
1401 2921 1528 2998 Eppius,
1550 2934 1604 2982 tam
1620 2929 1684 2994 turpe

533 3022 665 3082 Ceionius
683 3022 826 3097 prodidit,
847 3025 907 3098 qui,
927 3039 991 3080 cum
1012 3021 1094 3099 lonpe
1108 3026 1260 3083 rnaeimum
1276 3031 1390 3100 partem
1404 3023 1684 3100 absumpsimctaciet,

531 3134 632 3184 aanor
653 3124 804 3182 deditionis
826 3122 968 3200 ruppliclo
989 3142 1075 3199 quum
1092 3123 1204 3200 proelio
1224 3127 1297 3184 mori
1316 3123 1425 3184 malain

440 3226 475 3303 5)
507 3225 546 3286 L.
572 3226 788 3288 damiane-
809 3223 881 3282 Vell.
901 3224 930 3295 2,
946 3224 1010 3284 120
1031 3223 1121 3300 (anno
1138 3226 1201 3302 91).
1219 3225 1250 3286 Ο.
1268 3235 1338 3302 poet
1352 3226 1496 3302 proelium
1519 3221 1683 3296 VarianunJ:

469 3337 472 3346 ⁴
530 3326 569 3387 L.
597 3330 681 3386 etiam
703 3324 840 3398 Caedici,v
854 3325 1000 3403 praelecti
1020 3335 1194 3399 castrorum,
1221 3331 1442 3404 eorumquoque
1461 3347 1522 3386 nnc
1542 3325 1684 3387 circumdati

530 3430 651 3488 Alisone
683 3429 818 3486 inmertsir
847 3424 1054 3487 Gemmnomrm
1081 3431 1171 3504 copiir
1197 3428 1408 3502 obsidebuntur,
1436 3429 1589 3490 laudanda
1612 3430 1684 3486 uirtus

532 3543 573 3591 cll
593 3541 643 3590 cel.

440 3631 474 3707 6)
506 3633 674 3708 Aufidienue
688 3630 795 3704 Rufus.
811 3661 849 3672 -
875 3629 942 3692 Tac.
964 3649 1033 3690 ann.
1047 3632 1075 3703 1,
1091 3629 1135 3690 20
1155 3630 1245 3707 (enno
1259 3631 1299 3692 11
1308 3650 1342 3707 p.
1360 3631 1392 3692 0.
1413 3633 1444 3689 in
1464 3633 1598 3692 arduom
1616 3629 1684 3704 lesio

528 3751 596 3792 num
616 3732 846 3789 Pannonicorum
866 3730 952 3790 VIII
963 3731 1052 3808 Aup„
1074 3731 1131 3792 IX
1147 3731 1247 3809 Hirp„
1271 3732 1339 3792 XV
1348 3731 1543 3809 Apollinaris,
1564 3749 1630 3810 quae
1646 3731 1685 3786 iis·

529 3835 593 3894 den
607 3835 711 3892 castris
733 3835 849 3892 caeduis
870 3830 957 3891 timul
978 3831 1183 3909 labebantur).·
1204 3837 1313 3894 interea
1334 3831 1476 3910 manipuli
1497 3845 1562 3894 ants
1581 3839 1684 3908 cospau

530 3934 693 3994 seditionem
712 3931 896 4009 Nauportum
921 3937 1003 3993 mirei
1028 3934 1188 3995 abitinere
1209 3944 1235 3994 et
1249 3944 1353 4011 pontes
1375 3945 1400 3996 et
1420 3937 1496 3996 alicu
1518 3953 1600 4005 usus,
1619 3938 1685 4008 poti·

530 4055 617 4112 qurum
638 4034 780 4094 ruricium
802 4037 833 4094 in
854 4038 959 4094 caetris
980 4053 1119 4111 accepere,
1140 4036 1249 4095 cecilia
1270 4036 1488 4097 conuellunt-
1505 4070 1544 4080 —
1564 4033 1685 4095 rdinmlt't

530 4139 705 4198 centuriones
725 4139 819 4196 inrien
840 4145 866 4194 et
882 4137 1066 4208 contumeliis,
1083 4146 1228 4213 postremo
1242 4137 1405 4198 cerimilse
1419 4141 1600 4208 insectentur,
1615 4149 1685 4211 proc

531 4244 616 4316 cipue
635 4242 666 4296 in
680 4238 861 4314 Aufidienum
874 4238 992 4314 Rusrrm,
1010 4240 1187 4313 praesectum
1201 4249 1369 4310 carnorum,
1390 4243 1447 4314 ira,
1469 4259 1551 4317 quen
1564 4241 1685 4314 daeptm

531 4339 660 4401 uehiculo
683 4341 807 4398 carcinio
828 4348 953 4415 preeunt
972 4350 1118 4416 apuntqne
1138 4343 1168 4398 in
1190 4343 1311 4418 minine,
1329 4359 1385 4418 per
1406 4341 1561 4402 ludibrium
1579 4339 1684 4414 replict-

379 4506 584 4518 ——-———··

381 4631 438 4692 3,2
458 4646 485 4695 p.
498 4631 561 4692 427,
580 4644 635 4680 nou
653 4628 793 4679 sufficiunt.
830 4627 932 4678 Deinde
951 4629 996 4694 qui
1014 4645 1096 4695 nuper
1113 4629 1147 4680 de
1164 4629 1326 4696 praefectura
1343 4632 1453 4697 legionis
1471 4631 1525 4697 egit
1541 4631 1593 4681 Leo
1607 4621 1686 4676 Betiti
1744 4617 1745 4620 ¹

379 4718 447 4771 mim.
467 4713 594 4770 detinet.
614 4721 673 4786 inp.
695 4720 765 4770 1867
785 4736 811 4785 p.
826 4719 940 4786 302sq.,
960 4721 982 4770 is
1002 4737 1053 4787 quo
1071 4729 1111 4772 est
1127 4722 1231 4788 ingenio
1251 4730 1326 4774 acuto
1345 4724 1468 4790 uberique
1486 4721 1601 4774 doctrina
1616 4709 1684 4767 Ludi

379 4812 473 4876 Lepidi
498 4811 600 4861 titulum
622 4811 754 4876 praeclare
779 4811 920 4876 suppleuit3
945 4826 1010 4878 quae
1028 4819 1116 4865 tamen
1134 4813 1167 4864 de
1184 4815 1347 4882 praefectura
1364 4815 1472 4881 legionis
1491 4811 1618 4870 disseruit¹
1638 4815 1684 4870 pro

380 4901 467 4952 banda
495 4917 548 4952 non
572 4917 628 4952 esse
651 4907 678 4952 ei
700 4917 734 4953 ex
758 4903 790 4952 iis
813 4911 876 4968 puto
900 4910 966 4968 quae
989 4918 1067 4970 supru
1089 4907 1166 4974 posui
1188 4914 1296 4972 apparet
1319 4914 1345 4956 et
1368 4913 1428 4956 ante
1456 4920 1498 4956 me
1521 4893 1685 4954 demonstr·tit

380 4993 557 5045 Mommsenus
575 4993 644 5054 (loeo
662 5009 725 5044 ruox
745 4994 871 5058 citando);
895 5003 964 5046 recte
984 5003 1070 5046 tamen
1088 4997 1236 5063 primusque
1255 4998 1344 5049 docuit
1361 4997 1545 5064 praefecturam
1563 4997 1684 5044 canorum

379 5101 507 5136 summum
526 5072 582 5135 es'se
605 5085 716 5135 militare
740 5099 832 5136 munus
855 5086 883 5136 in
907 5087 1038 5154 Aegypto.
1079 5088 1199 5155 Denique
1222 5090 1348 5141 nonnulla
1370 5089 1404 5140 de
1425 5088 1584 5155 pnefecture
1605 5078 1684 5144 ⁰1³time

380 5177 501 5242 exposuit
512 5177 697 5240 Mommsenus,
717 5191 775 5229 cunr
793 5177 895 5229 titulum
914 5178 947 5229 Τ.
962 5179 1045 5230 illarii
1058 5181 1200 5246 Vergiliani
1220 5178 1308 5246 (mpra
1325 5195 1352 5232 n.
1366 5180 1411 5242 24)
1432 5180 1519 5232 ederet
1536 5163 1683 5228 incarnandi
1743 5193 1744 5243 p

381 5272 544 5338 ephemeride
563 5272 692 5324 archaeol.
711 5271 819 5324 XXVII
838 5268 933 5332 (1869)
952 5285 976 5336 p.
993 5272 1054 5322 123.
