3546 5950
383 596 432 668 80
693 611 874 664 nouusuu
893 610 1192 665 cussavsmouns
1209 610 1328 665 seren.
1348 613 1398 664 ιιι.

381 786 496 846 ratione
518 787 632 863 scripta
659 793 773 843 tentum
804 784 905 856 abest,
932 793 966 842 ut
993 785 1021 842 ei
1048 783 1235 842 coniecturae
1261 785 1395 857 obstent,
1421 792 1454 843 ut
1475 801 1540 844 eam
1561 786 1684 844 luculente
1742 763 1745 853 i

382 889 565 947 confirment.
607 886 698 945 Redit
724 886 802 943 enim
831 886 863 943 in
887 884 993 944 iisdem
1019 886 1108 943 etiam
1137 893 1240 943 notum
1268 886 1444 945 elementum
1472 907 1491 946 a
1517 885 1634 947 Claudio
1657 889 1685 945 ad
1738 888 1742 951 i

381 989 573 1067 alphabetum
594 987 736 1046 Latinum
762 986 894 1044 additum
921 1005 999 1045 anno
1021 1006 1050 1063 p.
1067 983 1137 1045 Chr.
1153 986 1204 1058 47,
1231 987 1310 1044 sicut
1335 988 1551 1048 demonstrarit
1574 988 1684 1046 Bueche-

380 1091 462 1149 lerus
491 1090 541 1165 (de
562 1088 610 1148 Ti.
634 1086 760 1147 Claudio
782 1087 975 1164 grammatico
998 1105 1027 1162 p.
1044 1085 1097 1162 23)
1124 1089 1181 1159 ita,
1212 1096 1243 1145 ut
1269 1089 1417 1148 scribatur
1442 1092 1477 1150 in
1502 1091 1575 1150 sctis
1600 1089 1682 1147 laud

382 1206 514 1264 εΑιιινε,
536 1190 625 1249 Febr.
643 1189 682 1248 25
704 1205 869 1260 carnencas,
893 1188 1001 1246 deinde
1021 1188 1053 1246 in
1074 1206 1111 1245 ca
1130 1196 1225 1265 parte,
1247 1189 1296 1248 ubi
1318 1190 1377 1248 iam
1397 1210 1451 1268 pro
1467 1193 1589 1268 conlegio
1601 1207 1684 1250 rursus

379 1293 490 1372 legitur
512 1293 669 1366 collegium,
689 1290 757 1348 Iun.
773 1289 811 1348 23
835 1306 926 1361 nisus,
947 1297 1103 1365 praeterea
1120 1288 1258 1366 plurimis
1276 1291 1362 1364 locis,
1386 1294 1436 1351 ubi
1456 1294 1528 1352 item
1548 1293 1630 1351 scribi
1647 1291 1684 1348 de-

380 1395 445 1452 buit
465 1411 492 1467 s,
514 1394 636 1453 solitum
657 1408 679 1448 v
701 1391 787 1450 adsit
823 1390 937 1450 Notum
959 1399 1058 1448 autem
1080 1398 1128 1448 est
1148 1392 1309 1467 monuique
1329 1411 1386 1471 ego
1406 1413 1528 1472 quoque
1549 1405 1615 1466 tum,
1633 1409 1683 1449 cun

380 1495 484 1555 tabula
505 1513 542 1553 ea
559 1495 688 1571 primum
703 1492 846 1550 edebatur
868 1490 985 1566 (Herm.
1006 1490 1064 1549 vol.
1082 1489 1100 1548 2
1121 1509 1152 1566 p.
1169 1491 1232 1567 63),
1255 1492 1331 1550 hanc
1345 1512 1414 1554 esse
1428 1497 1557 1573 primurn
1570 1503 1598 1553 et
1609 1493 1683 1552 cdhuc

381 1596 478 1654 solum
499 1594 723 1671 inscriptionem
746 1592 777 1650 id
798 1593 976 1650 elementum
997 1592 1165 1668 habentem,
1187 1614 1277 1672 quam
1299 1605 1450 1655 constaret
1472 1603 1618 1655 exaratam
1632 1611 1683 1653 esse

380 1703 451 1774 post
471 1713 630 1754 excessum
651 1693 826 1752 inventoris.
863 1691 964 1766 Quare
978 1695 1031 1769 qui
1046 1695 1119 1754 haec
1134 1697 1254 1772 scripsit
1266 1697 1407 1758 adsuetus
1422 1698 1603 1757 litteraturae
1615 1693 1684 1754 Olau-

382 1798 489 1856 dianae
516 1806 578 1855 tam
602 1797 634 1854 in
655 1795 753 1853 forma
774 1794 913 1852 elementi
934 1795 992 1852 iam
1015 1796 1128 1854 abolita
1149 1815 1238 1874 quam
1258 1797 1289 1857 in
1311 1799 1430 1876 collegii
1452 1799 1587 1858 vocabuli
1606 1797 1684 1855 ortlo-

380 1898 507 1975 graphia
532 1896 570 1954 ud
591 1895 748 1974 pristinam
770 1883 1132 1955 consuetudinem'rediit.
1173 1897 1307 1974 Regulae
1327 1910 1442 1973 autem,
1472 1918 1548 1976 quas
1567 1899 1601 1957 dc
1617 1915 1683 1956 roca

380 2001 445 2058 buli
466 1999 681 2075 orthographia
702 1997 762 2055 alio
784 2005 918 2072 tempore
939 1997 1000 2056 alia
1015 1999 1180 2073 posuimus,
1203 2009 1233 2058 et
1246 2003 1448 2076 grammaticis
1464 2002 1591 2060 tortasse
1603 1999 1682 2073 aliquo

380 2101 471 2160 modo
494 2099 580 2158 utilia
600 2109 687 2158 erunt
707 2107 738 2157 et
758 2099 846 2156 uobis
868 2099 920 2173 qui
941 2098 972 2156 in
992 2099 1081 2158 rebus
1102 2100 1233 2176 antiquis
1254 2101 1440 2177 explicandis
1463 2120 1619 2161 versamur.
1648 2098 1683 2154 Its

381 2203 462 2280 quod
483 2201 556 2260 alibi
578 2199 772 2276 (Stuotsrectt
789 2201 816 2270 l,
832 2197 892 2257 268
914 2218 943 2257 ιι.
959 2199 994 2276 4)
1016 2201 1119 2258 monui
1140 2203 1261 2260 unicum
1282 2203 1411 2274 titulum,
1433 2204 1488 2279 qui
1501 2202 1625 2264 nominet
1636 2217 1682 2258 ocu·

381 2303 512 2384 Κορίννῃ)
534 2306 675 2363 viatorum
703 2298 814 2375 (Orell.
836 2275 960 2376 3256),'
975 2301 1117 2375 scriptum
1146 2319 1214 2360 esse
1234 2303 1330 2362 videri
1350 2314 1402 2364 aut
1422 2304 1521 2364 libera
1540 2300 1683 2378 republica

379 2415 432 2465 aut
452 2405 557 2483 primis
580 2403 666 2462 annis
686 2401 829 2478 Augusti,
850 2419 916 2459 cum
937 2402 1085 2460 viatorum
1106 2420 1216 2479 corpus
1239 2423 1300 2462 non
1321 2404 1474 2465 decuriam
1496 2404 1626 2484 appellet,
1643 2399 1682 2458 sed

380 2507 550 2583 collegium,
571 2505 602 2563 id
623 2523 678 2582 per
699 2502 944 2580 orthographiam
965 2503 1056 2562 etiam
1077 2504 1173 2580 magis
1195 2505 1355 2564 stabilitur.

464 2607 554 2666 Addo
576 2606 702 2665 alteram
723 2605 963 2667 observationem
984 2623 1024 2662 ex
1045 2605 1151 2664 iisdem
1173 2607 1248 2664 actis
1263 2607 1396 2684 petitam.
1432 2606 1547 2666 Notum
1560 2612 1603 2665 est
1616 2620 1681 2662 roca·

380 2709 484 2767 bulum
510 2707 590 2783 quod
617 2713 663 2766 est
683 2724 751 2764 saus
780 2704 905 2764 meliore
931 2714 1028 2764 aetate
1054 2706 1096 2764 ibi
1122 2714 1237 2766 tantum
1259 2707 1343 2781 addi,
1370 2709 1420 2767 ubi
1441 2709 1483 2766 ad
1504 2727 1568 2768 eum
1587 2707 1619 2768 de
1636 2715 1680 2779 qut

381 2809 480 2886 agitur
499 2827 563 2866 rem
583 2806 731 2885 pertinere
753 2806 916 2864 intentione
937 2824 1004 2864 cum
1026 2806 1128 2883 aliqua
1150 2808 1370 2881 contendimus,
1398 2809 1496 2868 omitti
1517 2815 1621 2878 autem,
1643 2802 1681 2861 ubi

277 2893 279 2896 ⁵
380 2909 526 2968 orationis
547 2925 656 2968 nervos
678 2925 738 2964 non
760 2915 883 2983 augeat;
906 2915 938 2966 ut
959 2906 1091 2985 exempli
1112 2924 1205 2966 causa
1225 2908 1349 2968 dicimus
1372 2921 1591 2986 procuratorem
1603 2921 1681 2966 errore

379 3010 517 3080 fundum,
544 3009 596 3086 qui
622 3009 719 3084 ipsius
746 3009 798 3080 sit,
824 3008 1030 3084 procuratorio
1057 3009 1176 3068 nomine
1197 3028 1305 3068 venum
1333 3010 1452 3070 dantem
1479 3011 1595 3070 fundum
1614 3023 1680 3068 suum

380 3111 561 3184 vendidisse,
583 3130 649 3169 cum
671 3108 780 3168 fundus
803 3127 889 3185 quem
912 3117 1087 3186 procurator
1108 3109 1210 3169 rendit
1231 3112 1295 3168 eius
1316 3111 1493 3188 plerumque
1514 3115 1554 3172 sit
1572 3112 1680 3188 quicum

380 3211 564 3271 vendendum
586 3211 749 3282 mundavit,
770 3209 920 3268 dominum
943 3220 1043 3269 cutem
1059 3210 1184 3269 fundum
1198 3210 1377 3285 vendidisse,
1398 3232 1459 3272 non
1474 3213 1593 3274 fundum
1606 3225 1679 3268 suun.

380 3312 442 3375 Sed
468 3315 519 3392 qui
546 3313 585 3370 ad
609 3313 738 3372 labentis
765 3311 910 3369 sermonis
932 3311 1013 3370 vices
1036 3311 1225 3372 attenderunt
1245 3313 1315 3372 item
1341 3315 1441 3373 sciunt
1465 3315 1542 3374 hanc
1565 3309 1680 3373 severita-

379 3425 440 3476 tem
464 3414 621 3492 paullatim
647 3414 818 3473 exolevisse
843 3422 873 3472 et
894 3413 943 3472 vel
962 3412 1100 3472 Romam
1120 3421 1218 3474 aetate
1238 3414 1431 3474 fundamenta
1450 3417 1530 3476 iacta
1549 3432 1611 3474 esse
1628 3427 1680 3468 oon·

381 3516 548 3576 suetudinis
579 3515 643 3574 eius
674 3533 752 3590 quue
778 3533 857 3574 nunc
883 3514 963 3592 apud
987 3514 1114 3574 Latinae
1144 3515 1246 3593 stirpis
1272 3517 1467 3593 propaginem
1494 3516 1614 3585 obtinet,
1640 3505 1679 3566 ubi

380 3617 519 3676 dominus
545 3617 604 3674 iam
620 3616 723 3674 vendit
742 3634 778 3673 su
794 3616 952 3693 propridtd,
973 3616 997 3675 il
1017 3635 1068 3676 suo
1085 3617 1201 3692 podere,
1224 3627 1256 3675 ut
1278 3635 1378 3676 eurum
1400 3617 1553 3677 nationum
1570 3611 1680 3672 homintt

381 3737 487 3796 parum
508 3717 641 3776 eruditos
662 3716 773 3775 Latina
794 3735 869 3792 quae
890 3717 966 3794 ipsis
986 3718 1124 3777 videntur
1145 3717 1402 3776 conscribillautes
1423 3735 1568 3794 persaepe
1587 3732 1620 3772 ex
1637 3709 1680 3766 hot

380 3817 529 3878 sermonis
550 3818 624 3876 vitio
645 3835 803 3894 agnoscas.
844 3817 907 3876 Iam
930 3819 981 3878 ubi
1003 3819 1172 3877 evolvimus
1194 3825 1261 3876 acta
1281 3819 1447 3892 Arvalium,
1469 3817 1549 3896 quod
1568 3807 1680 3891 epistulit

381 3920 593 3994 imperatorum
615 3919 653 3977 ad
673 3918 832 3996 collegium
853 3919 932 3978 datis
953 3937 1079 3996 semper,
1106 3919 1136 3976 id
1157 3926 1204 3978 est
1224 3918 1389 3996 imperante
1409 3917 1491 3980 Gaio
1512 3929 1542 3979 et
1560 3917 1600 3976 sic
1617 3909 1680 3969 dein·

381 4037 462 4098 ceps,
483 4020 701 4097 praescriptum
716 4019 839 4097 legitur:
861 4021 1025 4097 imperator
1037 4021 1090 4078 ille
1104 4019 1219 4095 collepia
1233 4020 1439 4091 saiaaesolatem,
1461 4029 1541 4080 recte
1558 4037 1588 4077 se
1600 4013 1678 4076 habet

380 4139 448 4180 cum
470 4121 617 4198 pcrtiusut
637 4121 675 4178 ad
693 4121 939 4180 necessitudinem
955 4121 1173 4182 declarandam.
1208 4121 1251 4179 At
1265 4121 1295 4180 ιιι
1309 4121 1440 4180 formula
1452 4117 1623 4184 indictionis,
1640 4107 1679 4167 ubi

381 4232 428 4281 est
449 4222 493 4282 sic
508 4223 584 4281 tere:
606 4224 741 4298 mapiater
761 4223 931 4298 comficium
952 4241 1015 4282 cum
1035 4222 1150 4298 collegia
1171 4223 1283 4293 indicit,
1305 4232 1441 4297 apertum
1460 4230 1507 4280 est
1520 4219 1620 4278 nudum
1634 4207 1679 4269 col·

380 4301 518 4400 legatum·
535 4323 716 4384 vocabulum
743 4323 817 4382 satis
844 4323 997 4395 sufficere,
1022 4333 1053 4382 et
1073 4341 1142 4381 vere
1168 4323 1308 4382 scribitur
1327 4323 1372 4381 ita
1392 4323 1431 4381 ad
1456 4330 1579 4382 aetatem
1602 4325 1679 4387 usquc

380 4422 514 4483 Traiani.
557 4424 600 4483 At
625 4425 656 4483 in
683 4425 758 4482 sctis
784 4423 931 4483 ancilib
957 4422 1037 4500 quod
1063 4423 1190 4500 primum
1216 4423 1325 4499 legitur
1349 4441 1412 4482 cum
1437 4424 1551 4500 collegis
1570 4419 1634 4485 cais,
1655 4405 1678 4468 id

379 4522 487 4583 deinde
507 4534 650 4602 perpetuo
670 4526 816 4584 retinetur
835 4525 1021 4600 pertinetque
1043 4525 1165 4582 omniuo
1186 4525 1226 4582 ad
1239 4543 1313 4600 ,eam
1336 4525 1482 4584 sermonis
1501 4511 1678 4599 degeneratio·

381 4641 463 4697 nem,
489 4641 567 4700 quae
589 4625 627 4683 ad
649 4625 894 4686 consuetudinem
914 4625 1014 4701 qualis
1037 4625 1126 4686 hodie
1151 4626 1265 4684 obtinet
1284 4625 1409 4702 proclivi
1429 4625 1534 4685 itinere
1553 4609 1676 4700 perivit·

814 5243 917 5294 Formis
934 5244 1099 5296 Academicis
1117 5243 1161 5306 (G.
1175 5243 1274 5309 Vogt).
