3578 5962
919 665 1148 720 FELICIANVS.

494 1222 522 1282 0

453 1380 500 1440 La
520 1397 611 1457 sopra
632 1379 744 1456 scripta
765 1378 867 1436 littera
892 1376 918 1435 si
939 1377 971 1435 fa
992 1396 1011 1434 3
1032 1377 1107 1436 bene
1127 1375 1240 1454 placito
1266 1377 1297 1435 in
1324 1376 1374 1435 dui
1402 1376 1485 1438 modi
1510 1379 1637 1438 onenche
1659 1378 1684 1436 13
1772 1389 1773 1424 ³

372 1484 447 1562 pigli
469 1491 547 1542 tutta
567 1483 598 1540 13
619 1480 848 1539 circonferentia
870 1479 1012 1538 ouenchel
1035 1497 1090 1539 suo
1112 1479 1226 1557 quadro
1249 1480 1274 1537 si
1295 1497 1365 1538 crea
1385 1480 1462 1538 douo
1484 1481 1510 1539 si
1530 1481 1620 1558 taglin
1638 1481 1683 1557 ssa]
1735 1473 1742 1494 ⁸

370 1586 445 1646 linia
467 1597 504 1649 -ι-
528 1601 585 1644 con
611 1583 642 1641 13
671 1583 897 1641 circonferentin
924 1600 939 1639 e
962 1591 1009 1641 sta
1029 1582 1105 1641 bene
1127 1581 1165 1640 ad
1188 1582 1260 1659 ogni
1280 1581 1378 1641 modo.
1411 1581 1493 1641 Nota
1513 1601 1573 1642 non
1594 1594 1621 1643 te
1640 1583 1682 1642 dn
1772 1659 1773 1662 Ἴ

370 1687 516 1746 menticar
531 1685 583 1756 far
603 1692 678 1743 tutte
699 1685 727 1743 le
748 1685 846 1742 littere
869 1701 974 1762 grosse
994 1683 1024 1742 la
1044 1692 1129 1760 parte
1150 1685 1223 1742 .X².
1772 1663 1773 1688 i

495 1859 517 1918 Ε

454 2014 569 2090 Questa
593 2021 682 2092 porta
709 2013 741 2071 in
768 2031 801 2073 se
829 2032 903 2090 gran
924 2013 1074 2072 facilitade
1102 2032 1186 2072 come
1208 2023 1240 2071 tu
1261 2015 1312 2090 poi
1334 2014 1457 2086 nedem,
1486 2015 1571 2074 saluo
1591 2017 1638 2074 che
1656 2018 1679 2072 13

370 2129 508 2178 trauersa
534 2118 687 2194 superiore
709 2133 801 2192 passa
822 2133 906 2174 nrezo
928 2115 1043 2174 decimo
1072 2115 1102 2173 di
1123 2134 1206 2173 mozo
1233 2113 1259 2172 el
1281 2115 1409 2191 quadr03
1436 2117 1583 2193 quelladi
1609 2136 1677 2174 mezo

370 2237 545 2298 nonpassa
566 2221 676 2292 niente,
698 2218 799 2295 quella
821 2219 850 2276 di
874 2224 953 2276 sotto
975 2217 1001 2274 si
1023 2234 1116 2292 passa
1137 2235 1196 2276 uno
1219 2217 1343 2275 decimo.

493 2597 514 2656 F

451 2752 500 2814 La
519 2754 620 2812 littera
641 2753 811 2829 sopradictn
832 2751 857 2810 si
879 2753 981 2829 reggie
1003 2750 1132 2810 secondo
1153 2749 1270 2811 lordine
1295 2752 1331 2810 de
1354 2752 1385 2810 13
1405 2753 1562 2812 litterali.
1583 2772 1616 2812 ne
1634 2753 1674 2828 piu
1772 2731 1773 2734 ¹

369 2875 407 2914 ne
430 2874 527 2928 meno,
550 2855 635 2914 saluo
657 2854 724 2914 chel
747 2853 772 2912 si
795 2853 912 2912 riserua
933 2854 963 2912 13
985 2863 1123 2912 trauersn
1143 2853 1290 2912 inferiore.

494 3231 525 3293 G

450 3389 488 3450 In
503 3396 610 3468 questa
623 3388 723 3448 littera
745 3384 804 3447 .G.
827 3388 853 3446 si
874 3405 963 3446 serua
983 3396 1060 3446 tutto
1082 3387 1200 3446 lordine
1219 3387 1256 3446 de
1276 3388 1308 3446 13
1326 3389 1428 3447 littera
1453 3387 1520 3464 .C.,
1542 3388 1678 3449 risenndo

369 3492 440 3571 (ric)
463 3493 486 3551 il
507 3493 667 3552 collonello
689 3491 712 3549 il
733 3491 823 3567 quale
846 3490 974 3549 termina
994 3509 1013 3548 a
1033 3489 1063 3547 13
1082 3489 1158 3548 linia
1178 3509 1235 3548 oue
1257 3490 1282 3549 si
1304 3491 1437 3568 tagliano
1460 3492 1492 3551 13
1512 3492 1584 3550 linia
1604 3507 1678 3550 crore

368 3595 415 3654 col
436 3595 539 3668 tondo,
561 3614 577 3653 e
600 3613 640 3652 ua
661 3592 721 3652 alto
743 3611 802 3651 uno
824 3602 907 3650 terzo
930 3591 967 3649 de
987 3599 1063 3650 tutto
1086 3592 1115 3650 el
1138 3593 1261 3668 quadro.

491 3765 518 3823 Η

449 3919 562 3982 Nascie
583 3921 614 3980 13
633 3919 735 3979 littera
756 3919 820 3979 .H.
843 3920 892 3980 dal
912 3920 1037 3981 termine
1059 3939 1116 3981 oue
1138 3923 1165 3980 si
1186 3922 1320 4000 tagliano
1341 3923 1371 3982 le
1393 3924 1465 3983 linie
1487 3939 1565 3989 .÷.
1585 3941 1636 3982 eon
1653 3922 1675 3978 ln

366 4022 596 4084 circonferentia
617 4021 730 4102 grande
752 4033 782 4081 et
803 4040 836 4082 se
856 4023 1035 4102 ingrossano
1057 4024 1163 4082 dentro
1185 4025 1216 4084 13
1236 4025 1290 4084 Χ“.
1314 4033 1406 4102 parte.

488 4520 500 4580 1

446 4675 507 4752 Qui
527 4695 589 4737 non
611 4695 628 4736 e
648 4675 742 4737 molta
762 4695 883 4738 mesura
909 4695 947 4736 ne
972 4686 1051 4749 arte,
1078 4677 1167 4736 basta
1191 4677 1222 4738 ln
1242 4694 1299 4737 rua
1319 4678 1417 4756 figura
1438 4677 1580 4756 simplicie
1599 4676 1630 4735 de
1647 4673 1670 4730 la

364 4785 448 4856 parte
470 4778 585 4839 decima
605 4789 635 4838 et
657 4797 742 4841 esser
762 4787 872 4840 testata
892 4779 924 4838 di
946 4787 1025 4839 sotto
1047 4798 1064 4837 e
1085 4779 1114 4837 di
1137 4797 1236 4856 sopra.
1344 4795 1350 4806 ·

486 4965 515 5026 1(

444 5122 519 5183 Tira
539 5121 589 5182 (131
609 5141 695 5184 mezo
719 5127 768 5186 del
790 5126 937 5188 colonello
959 5125 1028 5185 dela
1048 5126 1150 5186 littera
1169 5123 1202 5185 K
1223 5145 1284 5186 una
1303 5125 1387 5200 linia,
1412 5125 1443 5185 13
1463 5128 1552 5204 quale
1571 5121 1673 5186 termini

362 5223 394 5283 31
414 5233 548 5286 extremo
575 5225 626 5286 del
646 5226 763 5302 quadro
789 5230 839 5287 nel
865 5229 973 5306 angulo
1001 5229 1032 5288 di
1061 5236 1156 5302 sott03
1183 5229 1235 5305 poi
1262 5229 1403 5306 ingrossn
1427 5228 1458 5288 13
1491 5229 1553 5288 dita
1575 5223 1673 5286 zancha

362 5345 421 5386 uno
442 5328 557 5390 decimo
572 5328 687 5402 dentre,
710 5329 739 5388 el
761 5330 831 5407 qual
851 5332 968 5389 termini
990 5330 1020 5388 31
1034 5330 1114 5388 dicto
1136 5349 1221 5389 mezo
1242 5331 1291 5390 del
1306 5329 1468 5401 colone1103
1489 5331 1541 5411 poi
1562 5321 1673 5399 nugati
