3582 5956
592 1359 1050 1472 molernium

439 1559 515 1640 AD
547 1559 795 1644 TABVLAS
826 1561 1200 1644 TRIVMPHALES

603 1711 707 1786 (vorr
729 1733 758 1790 p.
774 1713 844 1772 453.
862 1714 932 1773 mo.
949 1713 1034 1788 459).
1154 1733 1156 1738 ·

725 1944 920 1954 --—-—-·-

808 2174 849 2230 I„

239 2299 355 2361 Saxum
383 2321 581 2364 marmoreum
607 2315 692 2382 parte
719 2306 871 2383 superiore
898 2325 1023 2378 corona,
1051 2306 1153 2384 paullo
1180 2305 1304 2364 inferius
1332 2306 1483 2383 astragalo

138 2411 306 2474 ornatum,
332 2406 412 2479 quod
433 2405 489 2464 fuit
510 2389 580 2482 pars
602 2425 743 2485 suprema
764 2415 935 2486 parastatae
956 2408 1046 2486 primi
1068 2407 1237 2466 tabularum
1259 2407 1484 2483 triumphalium

140 2503 406 2582 Capitolinum,
429 2505 571 2566 effossum
594 2527 620 2566 a
644 2511 673 2568 d.
692 2509 721 2568 V
742 2511 782 2568 id.
806 2511 904 2586 April.
927 2510 997 2570 anni
1023 2509 1101 2568 1872
1123 2509 1155 2567 in
1176 2508 1242 2567 loro
1264 2508 1402 2568 Romano
1424 2527 1483 2566 non

139 2607 241 2682 longe
263 2625 282 2664 a
303 2607 432 2666 basilica
452 2608 533 2667 Iulia
553 2627 659 2670 versus
681 2613 785 2671 aedem
808 2612 869 2671 divi
890 2612 1039 2671 Antonini
1061 2610 1206 2686 diraeque
1228 2610 1400 2670 Faustinae.

547 2749 1092 2808 souvtvsmsarrsu·annaurim!

566 2864 604 2905 oe
617 2879 624 2892 ·
637 2865 873 2909 casurueusrnvs
885 2880 891 2894 ·
901 2867 1010 2910 romare

566 2951 988 3010 ttttlttresarrs·r·aex·rr

604 3067 630 3108 de
645 3069 803 3109 antemnarum
827 3091 940 3109 ......

142 3131 320 3208 Descripsi.

194 3232 244 3291 De
269 3233 430 3310 triumphis
457 3253 476 3311 a
495 3234 626 3292 Romulo
649 3233 745 3292 ductis
767 3234 803 3291 ei.
829 3231 951 3293 Solinus
976 3236 1002 3307 1,
1022 3233 1061 3292 20
1088 3235 1152 3312 p.9
1176 3235 1221 3292 ed.
1244 3235 1299 3293 M.:
1331 3235 1403 3291 idem
1424 3233 1483 3290 lio·

142 3335 245 3396 mulus
266 3338 398 3410 repressit
417 3353 506 3394 annos
528 3343 631 3412 septem
653 3345 679 3394 et
698 3338 825 3412 triptota.
869 3337 903 3394 de
921 3337 1141 3396 Caeninensibus
1163 3339 1219 3412 epit
1237 3339 1364 3412 primum
1385 3337 1484 3392 trium·

138 3437 238 3512 ptam
260 3434 286 3493 e't
300 3435 410 3494 Aorsoi
429 3441 491 3513 repi
511 3455 606 3496 eorum
628 3439 752 3496 detraxit
773 3437 868 3513 spolio
889 3437 1042 3514 querelosi
1057 3438 1183 3496 Feretrio
1202 3439 1315 3512 primm
1334 3435 1484 3510 suspendit

145 3547 175 3596 et
199 3539 296 3612 opima
316 3538 397 3596 elisit.
439 3557 553 3598 rursum
573 3539 607 3596 de
628 3536 843 3598 Antemnatr'bus
865 3540 1062 3616 triumphauit,
1085 3541 1120 3598 de
1140 3537 1301 3598 Veientibus
1323 3539 1417 3604 sertim
1445 3535 1482 3592 de

147 3638 259 3716 spoliis
285 3639 394 3716 opimis
419 3638 488 3699 Iovi
509 3639 645 3699 Feretrio
674 3640 783 3700 oblatis
809 3641 922 3700 Festus
949 3658 974 3698 s.
998 3659 1025 3698 v.
1052 3643 1147 3717 opium
1171 3659 1201 3717 p.
1221 3639 1278 3698 189
1291 3637 1346 3708 M„
1374 3634 1481 3694 Livius

151 3743 179 3812 l,
203 3741 250 3813 10,
271 3740 352 3800 Plut.
367 3741 488 3800 Romul.
507 3742 559 3812 163
581 3743 619 3800 de
639 3741 789 3818 triumpho
810 3742 848 3800 de
858 3741 1032 3801 Veientibus
1047 3750 1114 3800 acto
1129 3741 1169 3800 id.
1186 3738 1235 3799 25.
1253 3771 1291 3782 —
1315 3736 1482 3797 Caeninen-

147 3859 202 3901 ses
224 3843 262 3900 ob
283 3851 386 3920 raptas
402 3840 531 3903 Sabinas
553 3843 667 3901 bellurn
681 3843 826 3902 Romanis
847 3843 986 3903 intulisse
1008 3851 1155 3913 narratur,
1177 3849 1279 3918 raptas
1299 3847 1398 3898 autern
1413 3854 1482 3896 esse

146 3943 209 4001 has
231 3941 449 4018 Consualibus,
478 3961 555 4020 quae
577 3965 603 4003 a
624 3945 652 4003 d.
672 3944 735 4004 XII
756 3947 786 4005 k.
808 3943 890 4023 Sept.
913 3953 943 4003 et
964 3965 990 4004 a.
1012 3945 1041 4005 d.
1056 3943 1169 4003 XVIII
1190 3928 1309 4001 kjtan.
1332 3940 1481 3999 celebrata

144 4061 221 4103 esse
242 4051 361 4103 constat
382 4045 433 4122 (ef.
457 4045 472 4104 1
493 4067 522 4124 p.
539 4045 600 4105 400
615 4055 645 4105 et
659 4045 744 4122 408).
787 4047 893 4124 Itaque
915 4066 982 4106 cunr
1009 4045 1192 4122 triumphum
1214 4043 1361 4103 Romulus
1382 4040 1481 4116 egisse

144 4147 267 4204 dicatur
290 4146 428 4206 kalendis
454 4145 586 4217 Martiis,
620 4146 824 4207 Caeninenses
852 4154 951 4206 autem
977 4147 1066 4225 primi
1091 4147 1169 4204 inter
1194 4145 1325 4220 populos
1351 4139 1480 4199 Latinos

144 4265 185 4306 ao
210 4247 311 4306 statim
332 4257 402 4325 post
423 4248 563 4308 mulieres
584 4256 687 4325 raptas
710 4267 794 4306 arma
814 4237 1181 4323 ceperint,'Consuslibus
1202 4261 1304 4304 mense
1318 4237 1481 4300 Decembri

143 4347 310 4408 celebratis
339 4357 444 4424 raptus
467 4346 647 4410 Sabinarum
675 4349 849 4409 tribuendus
875 4365 943 4408 esse
970 4347 1128 4418 videretur,
1154 4345 1213 4405 nisi
1240 4344 1372 4403 obstaret
1399 4337 1481 4414 quod

143 4448 258 4508 scribit
277 4449 457 4510 Plutarchus
479 4449 513 4526 (l.
529 4471 554 4510 c.
575 4451 645 4530 ι15);
673 4441 817 4520 ἐτολμήθη
844 4438 893 4516 μὲν
920 4436 967 4506 οὖν
993 4445 1010 4518 ἦ
1036 4441 1154 4528 ἁρπαγὴ
1180 4434 1241 4528 περὶ
1269 4438 1316 4511 τὴν
1343 4437 1480 4496 inruem-

143 4539 274 4618 δεκάτην
294 4541 395 4633 ἡμέραν
416 4553 469 4608 τοῦ
488 4543 552 4608 τότε
566 4544 717 4634 Σεξτιλίου
739 4542 832 4622 μηνὸς,
852 4542 1024 4627 Αὐγούστου
1048 4535 1079 4606 δὲ
1101 4549 1159 4614 νῦν,
1180 4544 1208 4604 ἰν
1228 4533 1246 4622 ᾗ
1267 4537 1315 4610 τὴν
1330 4543 1384 4598 τῶν
1398 4543 1479 4596 Κων-

144 4641 260 4707 aaziae
280 4646 373 4732 ἑορτὴν
394 4640 531 4729 ἄγουσινς
554 4652 590 4712 cf.
611 4653 632 4713 l.
648 4672 673 4712 o.
691 4654 743 4713 14:
765 4641 890 4735 τετάρτῳ
913 4639 945 4708 δὲ
964 4640 1026 4720 μηνὶ
1046 4642 1119 4719 uersi
1131 4642 1182 4718 τὴν
1195 4637 1295 4711 κτίσιν,
1317 4638 1353 4702 uio
1367 4631 1480 4704 Φάβιος

142 4753 267 4834 ἱστορεῖ,
293 4747 324 4809 τὸ
353 4743 414 4836 περὶ
439 4747 489 4824 τὴν
515 4748 647 4837 ἁρπαγὴν
675 4745 819 4824 ἐτολαῆθη
848 4755 903 4810 ταῖν
930 4753 1082 4828 γυναικῶν.
1131 4747 1217 4823 Quae
1244 4763 1311 4806 cum
1338 4743 1382 4802 ita
1410 4742 1479 4812 sint,

141 4854 318 4930 triumphus
339 4855 454 4932 primus
467 4854 591 4915 Romuli
610 4855 679 4915 ideo
700 4855 830 4915 tortasse
850 4853 989 4914 kalendis
1004 4851 1122 4912 Martiis
1142 4856 1243 4926 potest
1258 4846 1385 4905 tributus
1400 4859 1478 4912 esse,

138 4953 235 5034 quod
261 4957 374 5015 mensis
394 4956 524 5016 Martius
544 4956 633 5016 Marti
654 4957 733 5034 patri
754 4973 839 5016 saoer
859 4964 924 5014 erat
944 4952 1141 5028 leniendisque
1162 4946 1279 5012 Martiis
1300 4944 1409 5007 natalie
1431 4942 1478 5002 dei

138 5056 371 5128 celebrabatnn
393 5057 431 5118 of.
453 5058 470 5116 1
490 5075 520 5134 p.
537 5056 607 5117 387.
