3582 5956
377 570 451 643 184
903 587 1173 642 sonmsrmrvrn
1634 595 1672 645 ιιι

375 765 441 823 eius
463 763 600 823 vocabuli
620 763 760 840 quinque,
781 763 811 821 in
833 763 945 840 quibus
963 764 1102 824 omnibus
1123 781 1296 841 quanquam
1317 764 1348 824 in
1368 763 1445 824 facie
1465 765 1583 825 chartae
1601 781 1674 824 env-

376 881 495 926 nrensrs
516 864 591 926 illud
612 865 671 942 legi
693 882 784 942 posse
804 865 891 925 facile
913 866 1058 941 concedo,
1085 873 1185 926 temen
1207 868 1237 925 in
1260 884 1369 925 aversa
1392 867 1473 927 clare
1497 867 1570 926 milri
1591 867 1676 926 videor
1752 939 1753 944 ἵ

376 970 558 1049 distinguere
578 967 656 1028 idem
679 968 761 1044 quod
782 968 854 1027 olim
876 969 906 1026 in
927 966 1028 1046 lapide
1048 967 1109 1046 legi

939 1155 1132 1200 Ammmffimffls

377 1316 497 1379 Scilicet
517 1315 668 1393 distinguo
690 1333 698 1373 ι
720 1314 837 1374 litterae
859 1322 927 1374 ante
942 1331 964 1372 ιι
982 1315 1099 1391 positae
1113 1315 1230 1375 hastam
1245 1325 1366 1390 rectam,
1389 1335 1467 1394 quae
1482 1315 1564 1376 nullo
1577 1313 1677 1376 modov

375 1419 491 1479 litterae
513 1420 601 1478 hasta
620 1417 717 1476 altera
736 1416 832 1477 luisse
853 1424 961 1492 potest,
982 1416 1042 1475 nisi
1063 1434 1237 1494 perversae3
1260 1417 1412 1496 distinguo
1433 1419 1678 1496 venturaeque

375 1519 536 1593 antecedit,
564 1529 679 1596 partem
701 1501 841 1592 alteram,
863 1536 930 1578 cum
951 1517 1080 1594 priorem
1102 1537 1199 1596 paene
1220 1519 1423 1579 oblitteratam
1445 1538 1515 1580 esse
1535 1529 1579 1580 tot
1597 1538 1679 1580 saecu·

374 1622 472 1681 lorum
499 1621 644 1681 imbribus
670 1636 801 1697 casuque
827 1628 940 1680 tantum
966 1620 1084 1678 hastam
1110 1620 1152 1680 ibi
1178 1627 1291 1680 rectam
1318 1639 1463 1698 apparere
1490 1633 1522 1680 et
1548 1623 1577 1682 in
1601 1621 1679 1698 lapide

376 1722 500 1783 viderim
522 1729 553 1781 et
573 1721 605 1780 in
627 1728 745 1800 ectypo,
768 1723 799 1780 in
820 1739 881 1798 quo
902 1721 978 1780 adeo
999 1721 1101 1799 anguli
1123 1723 1298 1800 superioris,
1320 1741 1409 1801 quem
1424 1722 1532 1784 hastae
1547 1723 1680 1782 relitteres

375 1825 491 1902 priores
518 1824 578 1883 dno
602 1824 747 1897 formant,
775 1823 904 1901 vestigia
932 1821 1137 1901 deprehendo;
1164 1841 1274 1883 ivero
1295 1825 1412 1884 litterae
1432 1843 1523 1902 quam
1544 1825 1680 1885 voluerunt

293 1913 294 1918 ¹
375 1925 506 2002 itemque
521 1942 542 1985 v
562 1925 643 1985 illius
664 1942 823 2003 perversae
844 1924 941 1984 lineas
964 1924 1120 1984 inferiores
1135 1925 1274 1986 fortuitas
1289 1943 1356 1987 esse
1370 1927 1530 1986 contendo.
1565 1924 1680 2004 Spatium

375 2035 475 2094 autem
496 2045 521 2087 nr
543 2028 661 2087 litterae
681 2027 863 2086 conveniens
886 2043 902 2084 ι
924 2035 954 2085 et
975 2043 996 2086 v
1016 2026 1134 2086 duabus
1155 2027 1334 2106 recipiendis
1354 2029 1444 2089 nimis
1464 2029 1563 2090 latum
1581 2037 1623 2089 est
1639 2045 1680 2106 pro

374 2134 463 2193 huius
491 2147 596 2191 versus
629 2128 779 2206 scriptura
805 2128 869 2188 alta
895 2134 925 2187 et
952 2129 1042 2188 tenui.
1091 2127 1263 2190 Secundum
1290 2130 1419 2208 deniqne
1446 2133 1542 2191 totius
1567 2128 1680 2190 vocabuli

374 2236 555 2296 elementum
580 2238 642 2291 tam
663 2246 680 2289 r
700 2248 791 2309 quam
814 2247 829 2289 ε
850 2246 919 2290 csse
940 2247 1031 2308 posse
1053 2229 1170 2308 reliqua
1189 2231 1324 2292 eiusdem
1344 2232 1463 2294 litteras
1484 2233 1518 2292 in
1538 2233 1593 2293 hoc
1610 2231 1680 2292 titulo

374 2335 515 2415 exempla
540 2333 755 2394 demonstrant.
797 2331 904 2408 Itaque
929 2349 1018 2408 quam
1046 2349 1085 2391 ex
1112 2331 1222 2409 lapidis
1250 2333 1368 2394 curiosa
1388 2341 1418 2393 et
1438 2337 1568 2412 repetita
1585 2333 1681 2412 insper-

375 2439 456 2498 tione
477 2437 550 2496 olim
572 2435 636 2494 erui
657 2434 815 2494 lectionem
837 2439 977 2512 ectypum
997 2433 1071 2492 mihi
1092 2433 1210 2494 videtur
1230 2434 1319 2512 plane
1339 2437 1548 2513 comprobare.

416 2537 477 2600 Sed
497 2557 535 2597 ne
557 2537 642 2596 solus
663 2536 837 2608 iudicarem,
857 2534 1078 2595 Mommsennm
1092 2542 1123 2594 et
1135 2533 1341 2597 Bormannum
1361 2537 1475 2598 amicos
1499 2537 1608 2616 peritos
1626 2553 1680 2596 mn

375 2640 465 2700 sului.
507 2637 550 2698 lli
575 2638 673 2715 primo
700 2643 825 2715 aspectu
851 2642 931 2696 recte
955 2636 1066 2713 legisse
1089 2632 1272 2697 Saavedram
1299 2639 1454 2698 unanimes
1482 2639 1680 2708 iudicaverunt

374 2761 408 2801 re
435 2759 508 2800 vero
534 2740 702 2800 accnmtius
730 2737 896 2815 ponderata
920 2747 1149 2810 concesseruut,
1177 2739 1382 2800 Mommsenus
1409 2755 1431 2798 v
1451 2740 1571 2801 litterae
1594 2739 1681 2798 sdteu

374 2843 502 2902 formam
528 2851 591 2901 tuum
617 2839 800 2919 singularem
826 2840 953 2900 evadere
979 2847 1009 2898 et
1033 2855 1049 2897 ι
1070 2838 1188 2899 litterae
1208 2841 1318 2901 lineam
1339 2841 1514 2902 inferiorem
1535 2843 1619 2901 nimis
1636 2840 1681 2898 alte

374 2946 505 3024 positam
529 2960 613 3016 esse,
638 2941 829 3002 Burmannus
854 2949 1026 3019 praeterea,
1054 2958 1061 2999 ι
1088 2949 1157 3001 aute
1183 2958 1205 3000 re
1232 2949 1344 3002 certum
1370 2961 1441 3003 esso
1466 2945 1681 3021 spatiumqneu

372 3048 491 3108 litterae
511 3045 607 3123 magis
629 3043 788 3105 convenire
809 3061 897 3121 qnam
920 3059 936 3101 ι
956 3049 988 3102 et
1006 3057 1038 3115 ν,
1060 3060 1213 3103 remanere
1234 3051 1333 3105 autem
1353 3045 1532 3123 scrupulum
1552 3044 1682 3122 inpriore

373 3159 460 3228 parta
480 3167 506 3208 ot
526 3148 653 3208 litterae.

414 3251 574 3312 Postremo
594 3250 651 3309 hoc
671 3247 763 3322 addo,
789 3246 942 3306 Afluuiam
963 3245 1153 3307 Aduniumve
1174 3244 1309 3306 mentito
1330 3263 1399 3307 esse
1420 3247 1554 3322 nominc,
1575 3257 1606 3308 ut
1623 3244 1682 3313 dixi,

372 3354 545 3416 Aeminium
572 3370 643 3412 vero
674 3361 778 3410 notum
806 3365 873 3408 esse
899 3346 1075 3408 Lusitaniae
1102 3347 1297 3426 municipium
1324 3346 1405 3408 haud
1431 3349 1539 3427 procul
1568 3349 1683 3410 siturus

371 3474 446 3535 rupe
461 3453 608 3516 Gallaeca
628 3453 677 3512 cui
697 3451 802 3511 titulus
825 3449 943 3526 dequo
965 3447 1082 3526 agirm
1103 3447 1266 3527 inscriptus
1281 3458 1327 3509 est
1349 3449 1400 3527 (cl.
1422 3449 1455 3510 II
1476 3469 1509 3527 p.
1524 3451 1565 3510 40
1586 3470 1613 3511 n.
1627 3448 1682 3508 tot.

373 3556 458 3634 954).
494 3555 582 3616 Unde
602 3552 721 3613 conlido
735 3552 872 3614 homines
886 3551 918 3610 in
931 3550 1028 3610 titulis
1041 3548 1177 3627 legendis
1192 3551 1384 3626 exercitatos,
1406 3553 1458 3631 qui
1473 3561 1682 3632 postcomm

371 3657 541 3734 inspicient,
563 3673 659 3714 meam
679 3654 839 3714 lectionem
860 3671 929 3712 esse
951 3651 1187 3712 confirmaturos.

373 3861 444 3924 293
466 3863 503 3923 In
518 3863 597 3923 valle
612 3861 738 3942 Singilis
753 3863 836 3922 lluvii
850 3881 910 3923 non
925 3860 1029 3938 procul
1043 3861 1081 3920 ab
1095 3861 1215 3920 Iliberri
1236 3861 1289 3936 (ci.
1304 3861 1336 3920 11
1353 3881 1384 3940 p.
1396 3859 1471 3939 283)
1493 3881 1588 3940 prope
1601 3859 1683 3938 parie-
1758 3855 1760 3870 ’

415 3963 493 4024 tinas
514 3964 618 4039 villae,
646 3971 681 4023 ut
701 3963 827 4036 videtur,
854 3963 985 4024 rusticae
1012 3962 1145 4023 detectae
1166 3963 1198 4021 in
1218 3962 1342 4041 praedio
1363 3962 1443 4023 dicto
1465 3965 1501 4024 dc
1520 3961 1683 4039 Dorupolsjo

415 4065 546 4143 (lmine
566 4066 601 4125 dc
614 4065 705 4126 Pieros
719 4064 837 4138 Puero,
853 4067 1046 4141 jnradtcetou
1065 4065 1100 4124 de
1118 4064 1310 4142 Trasmrilor),
1331 4065 1412 4124 circu
1424 4061 1547 4124 Lacbcr
1559 4065 1647 4125 vicum
1660 4062 1684 4120 in

414 4169 538 4229 sinistra
558 4167 641 4228 fluvii
662 4167 739 4245 ripa,
759 4169 791 4228 in
813 4167 840 4226 cl
852 4166 964 4226 Moliuo
986 4166 1033 4226 del
1046 4166 1108 4244 Bey
1129 4165 1224 4244 (quod
1243 4165 1375 4245 pertinet
1395 4166 1432 4226 ad
1454 4165 1541 4227 ducis
1555 4165 1682 4238 Welllug·

412 4272 486 4332 tonii
507 4270 662 4348 praedium
677 4267 749 4330 Soto
770 4270 805 4328 de
818 4269 935 4346 Roma),
956 4269 987 4327 in
1010 4268 1121 4328 oliveto
1143 4287 1162 4328 a
1183 4267 1306 4328 sinistra
1326 4268 1404 4341 viae,
1426 4287 1504 4346 quae
1526 4267 1608 4327 ducit
1625 4263 1683 4323 Illo·

411 4393 485 4447 ram,
507 4379 611 4433 extant
625 4372 791 4449 parietinae
806 4371 945 4447 antiquae
960 4369 1060 4448 operis
1075 4369 1260 4430 caementicii
1276 4369 1325 4446 (de
1338 4371 1519 4448 arceram),
1539 4387 1614 4445 quae
1627 4383 1682 4442 spr-

410 4476 485 4536 tinm
506 4474 686 4551 quadratum
706 4475 829 4549 cingunt
851 4492 869 4533 a
890 4471 980 4549 vulgo
1001 4470 1113 4530 dictum
1136 4471 1163 4531 sl
1179 4469 1322 4542 Caaarou,
1344 4479 1374 4530 et
1394 4472 1497 4531 metris
1518 4469 1634 4530 circiter
1651 4463 1683 4525 δῦ

410 4574 480 4635 inde
501 4592 606 4636 versus
632 4574 851 4653 septentriones
879 4573 1049 4649 sepulcrum
1076 4573 1147 4632 item
1173 4572 1283 4632 foetum
1311 4591 1350 4632 ex
1375 4590 1465 4652 opere
1490 4567 1681 4636 caementicio,

412 4677 461 4734 cui
482 4677 615 4752 impositi
637 4676 844 4753 suntlapides
866 4674 925 4734 duo
947 4673 1086 4751 grandes.
1130 4673 1243 4732 llornm
1271 4674 1358 4734 alteri
1377 4674 1541 4751 inscriptus
1563 4683 1607 4733 est
1625 4672 1681 4730 titu-

325 4753 333 4768 ⁴
412 4774 459 4835 lus
481 4773 530 4834 hie
550 4777 659 4837 litteris
681 4797 740 4838 non
762 4777 863 4838 bouis:

797 4953 817 4990 a
879 4949 1053 4992 ΛΝΝΙΛ·
1083 4947 1137 4991 Ε·
1166 4947 1185 4988 F

882 5049 1104 5094 RVSTlCA·
1130 5047 1184 5092 ΛΝ

880 5149 1012 5195 ORVM
1045 5149 1185 5193 'XXH

835 5305 842 5322 .
881 5251 1184 5296 fflCOEUAOESFSffOE
