3546 5950
509 608 807 664 ossnuvsmouns
824 609 943 662 nrros.
964 609 1029 664 vn.
1361 591 1432 664 137

112 784 270 842 stitnnntur
290 781 571 853 ordinarii,·tamen
593 781 625 839 in
645 780 720 840 actis
741 781 871 859 publicis
891 781 995 858 populi
1017 781 1147 841 Romani
1168 781 1207 840 ad
1228 783 1317 843 linem
1338 801 1437 860 usque

115 883 223 944 saeculi
245 883 368 943 secundi
387 900 452 942 mos
469 881 585 942 videtur
605 882 786 960 perdurasse
803 883 1052 942 enuntiandarum
1072 883 1228 942 consulum
1249 902 1362 956 eorum,
1383 885 1435 959 qui

112 993 170 1044 tum
188 983 287 1044 fasces
307 993 453 1061 gererent
496 981 585 1044 Certe
606 985 638 1043 iu
659 982 834 1062 diplomatis
858 993 1065 1044 veteranorum
1087 984 1205 1044 suffecti
1223 987 1437 1045 continuantur

112 1086 146 1145 ud
165 1095 301 1164 tempora
322 1103 418 1163 nsque
433 1085 526 1146 llarci
540 1094 572 1143 et
585 1083 673 1155 Veri3
694 1091 799 1144 coutm
812 1083 977 1160 diplomata
996 1104 1024 1142 a
1041 1083 1101 1144 247
1117 1093 1148 1143 et
1162 1084 1221 1144 249
1245 1086 1330 1162 (nam
1344 1087 1435 1148 medii

112 1187 250 1262 temporis
277 1205 354 1263 qnae
379 1185 501 1262 quidem
527 1186 586 1245 hnc
610 1185 779 1262 pertineant
807 1184 892 1244 nulla
917 1185 1080 1262 habemus)
1108 1187 1277 1263 praeteritis
1303 1187 1436 1247 suffectis

112 1288 275 1348 ordinarios
296 1294 412 1364 ponunt
433 1287 493 1364 (ΠΙ
514 1306 545 1364 p.
560 1286 647 1363 913).
688 1287 765 1346 Item
789 1287 820 1344 in
842 1286 918 1346 actis
939 1287 1098 1346 Arvalium
1119 1305 1187 1346 cum
1209 1288 1257 1348 vel
1278 1287 1436 1348 Commodi

111 1395 214 1461 aetate,
237 1389 289 1447 nbi
310 1407 386 1467 opus
407 1395 464 1461 est,
485 1387 676 1448 nominentur
689 1385 818 1461 suffecti,
839 1406 919 1446 anno
936 1395 1016 1448 certe
1030 1385 1092 1447 214
1113 1407 1168 1464 pro
1183 1390 1317 1450 suffectis
1331 1390 1437 1468 legun·

112 1499 156 1549 tur
179 1489 374 1565 ordinarii1).
400 1487 555 1548 .0muino
583 1491 657 1548 baec
683 1487 876 1549 suffectorum
902 1508 941 1548 ex
968 1488 1105 1565 legitima
1131 1489 1202 1548 anui
1229 1490 1437 1568 designatione

112 1591 246 1670 expulsio
267 1601 298 1650 et
317 1591 491 1664 consulum,
516 1611 537 1650 a
557 1590 667 1669 quibus
688 1607 785 1650 annus
807 1589 925 1668 incipit,
946 1596 1035 1650 aucta
1054 1591 1281 1651 honorificentia
1301 1599 1332 1653 et
1351 1611 1385 1652 re
1406 1601 1437 1652 et

113 1700 241 1769 tempora
262 1693 438 1752 coniunctae
458 1693 588 1752 suerunt.

213 1821 217 1827 ·
265 1795 324 1866 15.
376 1790 561 1866 Pontifex.

268 1914 325 1986 16.
378 1911 519 2012 Augur.

190 2032 368 2095 Sacerdotis
388 2034 463 2093 haec
483 2052 544 2109 qno
566 2041 699 2113 tempure
721 2032 854 2096 Sabinus
875 2032 1002 2112 adeptus
1024 2035 1065 2093 sit
1086 2053 1154 2096 cum
1175 2033 1360 2113 ignoremus,
1385 2038 1436 2096 hic

112 2133 147 2194 iis
167 2133 269 2195 locum
290 2134 426 2195 dedimus
447 2135 738 2213 postconsulatum.

266 2239 325 2310 17.
376 2234 494 2310 ludex
511 2258 559 2308 ex
573 2234 867 2334 dele[g(atione)]
886 2234 1170 2335 cognitiontum)
1183 2234 1397 2335 Caesarian(
1419 2279 1435 2292 -

375 2355 477 2454 rum)
494 2390 545 2420 =
568 2354 702 2456 [ludex
718 2355 779 2454 ex]
799 2356 1016 2455 delegarat)
1036 2354 1275 2458 [p]1ineipum
1293 2355 1330 2430 in
1349 2383 1436 2457 pro-

376 2475 496 2554 vincia
522 2475 756 2576 [Dalmatiai,
782 2475 872 2550 item
890 2475 1140 2574 Pannoniaei]
1168 2476 1411 2576 inferioris3).
1442 2483 1444 2486 ’

190 2597 244 2658 Sic
270 2599 328 2658 boc
355 2599 486 2658 officium
507 2597 707 2675 perscriptum
728 2597 846 2658 ridetur
870 2598 966 2660 fnisse
985 2599 1018 2658 in
1038 2598 1133 2658 titulis
1153 2597 1272 2659 duobus
1294 2600 1438 2676 Aquinati

113 2705 141 2757 et
166 2698 317 2772 Casinati,
344 2699 404 2760 nisi
429 2699 511 2775 quod
536 2699 756 2776 provinciarum
782 2701 906 2759 nomina
931 2717 1009 2776 quae
1034 2699 1067 2758 iu
1091 2699 1148 2759 buu
1173 2700 1327 2777 perierunt
1352 2700 1438 2777 (narn

114 2801 184 2860 duas
204 2801 376 2860 nominatas
397 2801 492 2860 inisse
512 2819 553 2859 ex
568 2801 666 2876 spatio
679 2800 845 2878 colligitur)
866 2809 948 2859 certa
962 2801 1078 2860 ratione
1092 2803 1263 2877 recuperari
1277 2812 1437 2878 nequeunt.

114 2901 267 2978 Principes
294 2902 345 2977 qui
370 2902 402 2959 in
426 2902 484 2960 boc
504 2900 696 2961 nominantur
716 2920 784 2960 cum
804 2919 873 2961 esse
894 2920 955 2960 non
976 2901 1095 2978 possint
1115 2902 1246 2981 Augusti
1267 2902 1327 2961 duo
1348 2905 1439 2968 simul

114 3013 269 3078 regnantes
298 3003 386 3079 (nam
415 3002 603 3063 caracallam
632 3008 662 3062 et
690 3000 800 3062 Getam
827 3001 980 3080 expeditio
1009 3000 1190 3062 Germanica
1216 3022 1245 3062 a.
1264 3003 1325 3063 213
1352 3024 1439 3081 prae-

114 3105 217 3164 cedens
239 3104 388 3177 excludit,
411 3103 572 3163 Balbinum
594 3112 624 3162 et
644 3103 814 3181 Pupienum
835 3103 907 3162 anni
927 3103 998 3178 plus
1020 3103 1126 3182 viginti
1146 3104 1342 3181 interpositi),
1363 3105 1438 3165 Bor-

114 3205 231 3280 ghesius
258 3205 385 3264 coniecit
410 3225 479 3265 eum
505 3205 542 3264 de
567 3223 627 3282 quo
653 3205 752 3282 agitur
776 3204 835 3264 hoc
857 3203 956 3262 officio
976 3203 1111 3263 iunctum
1132 3222 1202 3263 esse
1223 3212 1253 3264 et
1273 3205 1439 3282 imperante

115 3304 246 3366 Macrino
267 3316 299 3366 et
319 3307 483 3384 imperante
504 3305 723 3384 Elagabslo⁴).
766 3306 809 3363 At
829 3324 896 3364 cum
917 3305 948 3363 in
968 3304 1117 3380 legatione
1137 3301 1242 3365 Sabini
1263 3306 1439 3365 Pannonica

115 3417 209 3482 gesta,
234 3414 269 3468 ut
297 3406 376 3467 inira
400 3408 583 3480 videbimus,
609 3408 774 3485 imperante
801 3406 956 3465 etiamtum
984 3403 1145 3465 Caracalla
1169 3405 1274 3465 titulus
1301 3406 1439 3483 Aquinas

115 3507 198 3568 linem
215 3509 317 3581 faciat,
338 3507 466 3569 Casinas
487 3528 525 3568 ne
546 3527 612 3567 eam
634 3507 754 3585 quidem
769 3507 887 3578 habeat,
909 3513 1033 3583 uterque
1047 3506 1151 3566 titulus
1166 3505 1320 3567 dedicatus
1334 3508 1375 3566 sit
1389 3527 1439 3567 ue-

115 3626 195 3669 cesse
216 3625 264 3670 est
284 3610 449 3688 imperante
463 3608 623 3669 Caracalla
643 3627 698 3669 nec
718 3627 795 3685 quae
816 3608 847 3665 in
869 3626 905 3666 eo
920 3607 1060 3687 leguntur
1073 3608 1112 3666 nd
1126 3607 1254 3667 Macrini
1269 3608 1317 3668 rel
1331 3609 1440 3686 Elaga-

116 3709 173 3769 bali
192 3691 330 3790 tempora
351 3713 469 3772 trabere
489 3711 570 3772 licet.
606 3708 704 3786 Quam
727 3710 766 3769 ob
786 3728 850 3769 rem
871 3708 908 3769 de
930 3711 986 3768 hac
1007 3707 1187 3770 iudicatione
1203 3729 1263 3771 nun
1277 3709 1365 3769 rideo
1378 3728 1440 3788 quo

190 3976 212 4038 ¹)
244 3977 314 4028 ilaec
332 3977 487 4043 colliguntur
504 3977 617 4028 maxime
635 3992 668 4028 ex
687 3976 781 4028 tabulis
794 3974 930 4027 Arvalium
943 3975 1097 4027 Marinianis
1115 3991 1142 4027 n.
1157 3975 1192 4026 32
1210 3990 1235 4027 a.
1250 3975 1302 4027 186
1321 3982 1347 4026 et
1364 3991 1391 4026 n.
1404 3977 1439 4026 39

118 4079 140 4114 a.
153 4068 207 4118 214
223 4069 293 4118 inter
310 4083 339 4119 se
357 4067 465 4120 collutis.
496 4069 618 4120 Fortasse
635 4066 734 4118 suffecti
753 4067 806 4117 iam
825 4073 1019 4132 praetereuntur
1037 4068 1064 4118 in
1083 4067 1147 4117 aotls
1165 4081 1189 4117 a.
1203 4068 1257 4118 200
1276 4067 1320 4129 (ei.
1333 4067 1441 4116 liemon

117 4171 173 4208 ann.
189 4159 259 4211 1667
279 4175 305 4224 p.
319 4161 392 4223 266).
405 4185 439 4196 -
463 4161 495 4211 Iu
519 4158 636 4224 epistulis
656 4157 756 4209 duabus
773 4159 924 4224 pontificum
943 4165 969 4208 st
986 4159 1123 4209 Xllrirum
1141 4172 1165 4208 a.
1181 4158 1235 4210 lut
1253 4156 1343 4220 (Orell.
1357 4157 1440 4219 4370)

118 4255 141 4296 et
158 4263 182 4300 a.
195 4251 249 4302 233
269 4250 360 4313 (Orell.
374 4251 456 4313 2263)
475 4257 502 4302 et
520 4249 646 4301 ordinarii
665 4249 846 4300 adscribuntur
864 4257 890 4299 et
908 4249 1016 4299 suffecti.
1070 4251 1075 4258 “

189 4337 214 4402 ²)
244 4341 285 4392 ut.
304 4342 430 4408 Ulpianus
449 4341 511 4407 Dig.
531 4342 575 4403 44,
590 4343 616 4403 4,
630 4342 657 4402 4,
671 4340 720 4392 261
740 4355 771 4391 aa
788 4337 905 4406 delegata
921 4339 1026 4407 pupilli.

190 4429 215 4494 ⁸)
246 4433 312 4483 Cum
330 4422 651 4492 numerisrumeris,
672 4437 701 4481 ut
719 4437 835 4481 extrema
852 4431 937 4480 littera
954 4431 1033 4480 bodie
1051 4429 1155 4480 dedolat
1172 4443 1220 4479 neu
1238 4433 1328 4478 mam
1346 4427 1441 4478 habeat

118 4523 164 4572 nisi
182 4523 324 4587 Gattolam
343 4525 400 4575 deri
417 4531 510 4590 potest,
528 4530 558 4574 ut
576 4525 603 4574 ln
621 4523 709 4588 lapide
726 4522 806 4573 inerit
824 4519 892 4584 [item
910 4519 1074 4584 Pannonici]
1092 4517 1246 4585 insariode}

190 4612 216 4676 ⁴)
243 4617 274 4666 L.
299 4631 321 4665 c.
347 4614 382 4678 (v.
406 4630 433 4680 p.
448 4616 497 4666 131
523 4613 609 4676 n.1)r
640 4615 750 4679 legatus
773 4614 917 4678 principum
940 4612 966 4662 ei
985 4607 1134 4676 riserirebbe
1157 4611 1186 4660 ai
1209 4608 1280 4660 breui
1300 4609 1391 4676 imperi
1412 4607 1443 4658 di

119 4701 234 4756 Macrino
258 4721 271 4756 e
293 4706 323 4757 di
338 4704 496 4773 Eloquium,
521 4699 665 4757 olt'esseudo
687 4703 805 4756 umdedue
828 4702 859 4753 di
876 4703 992 4754 dmmutu
1008 4703 1139 4762 memma,
1166 4717 1216 4752 uon
1230 4707 1355 4768 poteouuo
1374 4699 1440 4750 indi·

118 4798 186 4846 rarsi
203 4812 231 4846 se
249 4813 298 4848 non
315 4803 491 4848 oscuramuts.
521 4797 649 4863 Exempla
666 4796 787 4862 plurativi
805 4796 906 4846 numeri
922 4796 960 4845 ita
971 4795 1005 4844 de
1017 4793 1215 4859 imperatoribus
1226 4793 1278 4843 allo
1290 4798 1349 4858 post
1361 4791 1442 4843 alium

118 4887 301 4951 imperantibus
317 4890 433 4954 usurpati
451 4887 608 4954 Borghesius
625 4889 698 4938 nulla
715 4889 800 4938 attulit
817 4901 865 4938 nec
883 4887 947 4937 mibi
965 4891 1067 4952 praesto
1085 4891 1157 4947 sunt3
1176 4898 1237 4935 uam
1255 4883 1384 4934 diversum
1402 4889 1443 4932 est

119 4979 187 5040 quor
210 4985 251 5029 su
271 4980 299 5030 n
321 4979 397 5030 tum
414 4979 548 5031 uentano
566 4959 652 5031 aris:
675 4977 813 5046 ,tmesi
837 4977 894 5027 usu
914 4975 1045 5045 119111)
1069 4983 1093 5027 a
1115 4973 1155 5025 rr.
1178 4973 1298 5026 cauma
1317 4980 1343 5024 er
1360 4973 1443 5024 muto

119 5071 200 5133 magis
217 5071 288 5136 quod
305 5077 344 5121 est
361 5072 388 5122 in
406 5071 574 5122 Henneniauo
587 5070 672 5122 6463ι
698 5069 781 5136 teqato
799 5067 908 5120 eiusdem
926 5067 989 5129 (divi
1008 5065 1145 5128 Hadriam)
1163 5067 1191 5116 iu
1212 5063 1313 5126 Ollinia,
1334 5062 1439 5124 comati,

121 5157 202 5223 legato
221 5161 249 5210 in
265 5158 356 5213 Cilicia
374 5162 433 5230 imp.
446 5155 570 5212 Antonini
581 5161 649 5228 Aug.
680 5160 782 5213 Graeca
799 5166 885 5210 autem
902 5159 1000 5211 locutio
1017 5157 1117 5220 similis,
1136 5157 1169 5208 de
1186 5171 1238 5224 qua
1256 5169 1333 5221 snpra
1350 5169 1376 5218 p.
1388 5153 1441 5203 110

121 5253 239 5317 exposuit
257 5252 445 5318 Ditteuberger,
465 5253 500 5306 ad
518 5253 639 5305 Latinum
657 5267 732 5302 usum
750 5249 968 5317 comprobandum
987 5264 1041 5302 non
1059 5249 1129 5300 iacit.
