3546 5950
497 639 547 690 nn
565 639 776 693 ranarum-o
794 639 975 695 caurorus.
1326 627 1395 698 101

154 811 372 890 Exemplorum
393 830 471 890 qnae
493 830 587 890 supra
600 812 770 873 rettulimus
784 823 920 890 tempora
933 814 986 890 qui
1001 814 1152 892 spectarit,
1173 817 1334 893 perspiciet
1346 836 1399 876 ex·
1443 832 1446 838 ‘

76 915 166 992 ceptis
188 921 330 991 quattuor
342 913 414 986 illis,
436 931 512 991 quoa
525 914 674 992 principio
687 915 786 990 posui,
806 933 910 975 omnes
924 916 1093 993 praefectos
1107 916 1235 994 legionis
1250 905 1400 995 pertinere

77 1015 112 1074 ud
131 1021 259 1075 aetawm
279 1013 383 1076 Severi
404 1015 531 1094 imperio
550 1033 611 1075 non
632 1016 846 1098 antiquiorem:
869 1017 1026 1076 mirabitur
1046 1027 1147 1077 autem
1167 1017 1255 1092 idem,
1282 1018 1399 1094 opinor,

76 1116 160 1191 quud,
186 1133 255 1176 cum
276 1117 396 1176 saeculo
417 1117 506 1177 tertio
524 1123 587 1176 tam
607 1116 778 1194 frequentes
800 1115 1000 1190 inveniantur,
1022 1125 1111 1177 antea
1132 1126 1194 1178 tam
1214 1119 1275 1178 rari
1296 1137 1399 1179 occur·

76 1224 146 1288 rant,
167 1225 259 1294 atque
279 1236 316 1278 eo
337 1217 493 1278 inclinabit
513 1229 545 1279 ut
564 1218 734 1297 preelectus
755 1217 884 1295 legionis
905 1219 1008 1277 credat
1027 1225 1080 1277 aut
1095 1219 1303 1297 magistratum
1317 1220 1398 1279 ordi·

76 1319 186 1377 uadum
201 1318 388 1397 temporibus
409 1320 562 1398 prioribus
583 1339 644 1380 nou
664 1320 756 1380 fuisse
769 1321 940 1380 institutum
955 1326 1016 1390 aut,
1038 1321 1065 1379 si
1079 1320 1199 1394 fuerint,
1220 1320 1399 1398 plerumque

76 1418 133 1477 alio
153 1419 243 1478 modo
265 1420 434 1497 appellatos
455 1438 533 1480 esse.
568 1419 635 1481 Nos
654 1422 686 1480 in
701 1439 844 1499 praeseus
859 1419 979 1498 quidem
993 1421 1159 1497 praefectos
1174 1421 1244 1481 illos
1258 1430 1399 1498 quattuor

76 1520 230 1594 mittemus,
252 1539 324 1580 mox
346 1521 478 1599 quidde
498 1522 537 1582 iis
560 1523 752 1583 statuendum
774 1523 815 1582 sit
829 1521 1033 1598 disceptaturi,
1054 1521 1174 1599 iamque
1188 1523 1226 1582 de
1238 1522 1398 1600 praefectis

77 1618 195 1698 legionis
217 1622 331 1682 saeculi
353 1623 433 1682 tertii
454 1641 642 1701 quaeremus.

151 1720 237 1782 Inter
257 1724 428 1800 praefectos
448 1724 610 1802 legionum,
631 1742 759 1800 qnorum
780 1723 919 1784 norimus
937 1724 1083 1782 hunorum
1098 1741 1229 1796 cursum,
1250 1740 1339 1783 nemo
1352 1731 1400 1783 eat

77 1821 123 1898 qni
142 1823 293 1900 stipendia
312 1825 517 1884 centurionica
538 1835 607 1884 ente
627 1824 846 1904 praefecturam
868 1823 1047 1885 confecerit
1067 1823 1111 1900 (n.
1128 1825 1156 1884 8.
1171 1824 1200 1884 9.
1218 1823 1332 1908 10..11·.
1350 1825 1397 1882 15.

78 1921 122 1982 24.
138 1921 185 1982 28.
199 1925 253 1984 31.
269 1923 318 1985 32.
334 1925 384 1986 33.
400 1926 451 1994 35.
467 1925 506 1984 36
518 1925 558 2002 ¹),
581 1933 616 1986 ut
636 1944 689 1985 eos
709 1926 846 2010 homines
867 1924 964 1984 fuisse
984 1933 1131 2003 appareat
1150 1923 1310 1984 humiliore
1330 1924 1399 1984 loco

77 2033 172 2097 natos,
196 2025 251 2102 qui
276 2026 345 2086 inde
371 2043 391 2085 a
411 2026 509 2104 caliga
530 2026 569 2087 ad
589 2027 669 2086 hunc
689 2026 789 2085 locum
809 2027 1009 2104 pervenerint.
1052 2027 1168 2086 Omnes
1190 2031 1290 2084 tamen
1311 2031 1400 2086 antea
1471 2067 1472 2074 .

78 2142 214 2186 summum
235 2127 474 2192 centurionatum
494 2126 515 2188 i.
529 2148 557 2189 e.
579 2126 793 2205 primipilatum
807 2135 974 2206 gesserunt,
995 2137 1115 2204 praeter
1128 2145 1220 2184 unum
1235 2124 1274 2186 G.
1288 2125 1399 2185 Iulium

78 2224 217 2288 (iunicum
241 2227 362 2306 (ι.11),
384 2229 436 2306 qui
457 2249 496 2290 ax
517 2229 683 2290 trecenario
704 2227 872 2305 praefectus
895 2226 1023 2306 legionis
1044 2227 1143 2286 factus
1165 2235 1225 2298 est3
1247 2226 1279 2285 id
1299 2233 1399 2286 tamen

77 2346 110 2386 nc
129 2330 262 2389 mireris:
284 2331 467 2391 macenarius
488 2331 568 2390 enim
590 2330 742 2408 primipilo
758 2330 807 2389 rel
826 2348 883 2407 par
901 2336 967 2389 erat
981 2328 1029 2388 vel
1050 2335 1130 2387 certe
1144 2327 1314 2404 proximum
1328 2333 1400 2403 post

78 2449 139 2490 eum
161 2429 264 2490 locum
288 2431 456 2506 obtinebat,
483 2432 528 2491 ita
552 2440 585 2491 ut
610 2431 738 2508 primum
764 2431 854 2490 etiam
879 2429 1045 2509 principem
1065 2428 1212 2508 dignitate
1233 2435 1399 2506 superaret.

78 2531 146 2590 Post
165 2532 406 2593 centurionatum
427 2533 572 2594 minorem
599 2523 669 2592 aute
688 2531 904 2610 primipilatum
925 2531 1113 2608 praefectura
1130 2527 1258 2607 legionis
1279 2530 1400 2605 ponitur

78 2632 105 2690 iu
124 2632 208 2692 titulo
230 2653 263 2693 n.
279 2635 330 2706 31,
354 2635 407 2694 rix
431 2641 532 2694 tamen
554 2632 659 2694 eodem
680 2633 785 2693 ordine
806 2633 847 2692 Μ.
869 2632 921 2692 ille
941 2631 1070 2710 Apicius
1091 2630 1166 2690 Trio
1188 2648 1312 2690 munera
1331 2647 1399 2690 sus·

77 2735 162 2810 capit;
183 2736 325 2812 equidem
344 2735 376 2794 in
397 2735 485 2795 titnlo
506 2735 607 2813 potius
628 2753 784 2794 munerum
806 2733 941 2794 ordinem
963 2732 1120 2793 confusum
1141 2731 1346 2808 Trionemque
1365 2738 1400 2790 ut

78 2835 200 2912 reliquos
220 2845 295 2914 post
314 2836 530 2915 primipilatum
551 2835 670 2896 demum
690 2835 879 2913 praefectura
897 2835 1032 2894 functum
1051 2849 1119 2894 esse
1132 2825 1313 2910 putarim').
1348 2829 1399 2890 Ex

77 2935 138 3014 ipsu
156 2938 344 3015 primipilatu
365 2937 404 2997 ad
424 2937 642 3015 praefecturam
655 2944 855 3015 pervenerunt
874 2956 904 2996 n.
920 2936 969 2994 10.
988 2934 1035 2994 15.
1052 2933 1102 2992 24.
1117 2931 1167 2993 28.
1183 2931 1276 3009 (312).
1292 2928 1342 2991 32.
1358 2931 1397 2991 33

78 3037 269 3116 (primipilatu
282 3039 413 3115 iterato).
429 3038 479 3098 35.
516 3036 615 3112 Quam
635 3046 700 3098 arte
720 3046 821 3098 autem
839 3036 1027 3114 praefectura
1045 3033 1280 3112 primipilaritati
1298 3032 1399 3091 iuncta

77 3137 172 3213 fuerit,
198 3139 266 3200 eins
291 3139 334 3200 rei
360 3141 447 3200 testis
473 3138 546 3200 mihi
573 3139 701 3217 insignis
726 3137 844 3198 ridetur
869 3155 937 3198 csse
958 3137 1007 3197 Ti.
1036 3134 1182 3196 Claudius
1212 3132 1398 3195 secundinus

77 3238 115 3314 (n.
130 3240 192 3318 33),
212 3240 268 3320 qui
288 3259 355 3301 cum
377 3249 448 3319 post
467 3241 598 3319 priorem
619 3238 835 3317 primipilatum
857 3238 1009 3316 stipendia
1027 3234 1179 3313 equestria
1191 3233 1323 3306 fecisset,
1345 3250 1396 3290 an·

77 3351 186 3417 tequam
211 3342 382 3422 praefectus
409 3343 508 3414 lieret,
533 3341 631 3402 denuo
657 3340 872 3418 primipilatum
894 3336 989 3416 gessit
1010 3354 1138 3412 eumque
1157 3334 1302 3405 fortasse,
1329 3349 1398 3390 cum

76 3441 147 3518 legio
166 3462 226 3504 non
249 3443 387 3518 addatur,
408 3443 634 3521 imaginarium
663 3459 758 3519 quare
777 3458 837 3500 non
858 3439 971 3510 dubito,
993 3436 1067 3513 quin
1087 3434 1123 3494 L.
1147 3430 1303 3493 Geminius
1323 3450 1398 3508 quu-

76 3560 134 3617 que
146 3545 188 3620 (n.
204 3543 242 3622 8)
263 3544 358 3604 altero
379 3544 565 3624 primipilatu
585 3551 657 3621 post
677 3542 860 3602 tribunatum
881 3537 1014 3600 cohortis
1035 3535 1205 3614 praetoriae
1226 3539 1295 3594 ante
1311 3551 1397 3610 prae·

76 3643 210 3706 lecturam
233 3645 365 3723 legionis
386 3646 507 3705 functus
528 3645 581 3716 sit,
606 3645 739 3719 itemque
759 3661 789 3700 ιι.
807 3641 846 3700 10
867 3637 1053 3716 primipilatu
1074 3634 1251 3713 imaginario
1271 3641 1396 3694 ornatus

77 3745 184 3807 ridetur
202 3764 283 3822 esse,
303 3755 337 3807 ut
356 3752 438 3807 recte
458 3744 528 3805 inde
548 3745 585 3804 ad
607 3744 824 3821 praefecturam
845 3745 1081 3818 promoveretur.
1117 3735 1328 3813 Legionariam
1341 3733 1396 3792 mi·

78 3845 164 3906 litium
187 3855 309 3926 praeter
333 3847 559 3908 centurionatus
585 3845 721 3906 exercuit
744 3860 846 3915 nemo,
872 3842 1017 3901 urbanam
1044 3844 1199 3918 quattuor3
1227 3854 1298 3897 nam
1324 3855 1355 3895 n.
1376 3834 1395 3894 8

78 4147 250 4214 iuterpretatur·
272 4146 480 4211 corulieuturius)
500 4143 703 4214 modestorum)
728 4141 873 4212 laedentur)
897 4147 958 4203 cet,
984 4151 1114 4205 neumam
1136 4136 1203 4188 enirn
1222 4135 1250 4185 id
1268 4133 1338 4200 quod
1357 4141 1395 4184 est

75 4237 192 4306 producti
207 4238 258 4292 duo
276 4239 431 4305 compendio
450 4242 545 4285 rma
563 4237 640 4289 scribi
659 4240 768 4301 poterat.
797 4233 937 4285 Praeterea
954 4231 1026 4282 nullo
1044 4227 1123 4280 modo
1135 4226 1247 4280 Sabinus
1264 4239 1298 4298 ,⁰¹
1310 4223 1394 4274 corni·

79 4331 166 4382 edatio
181 4333 268 4383 atatim
286 4331 433 4397 primipilus
450 4330 505 4381 deri
524 4334 633 4395 poterat,
653 4327 753 4377 minure
772 4324 950 4376 centurionum
962 4321 1034 4373 nullo
1046 4319 1190 4380 interiecto,
1208 4313 1306 4376 excidit
1317 4313 1395 4378 igitur

79 4423 225 4475 oenmriouis
248 4427 311 4475 nota
330 4426 345 4469 7
364 4421 565 4488 legendumquer
588 4415 793 4480 corcuculus-ius)
809 4411 959 4482 prusam)
973 4408 1135 4479 moetoris),
1155 4403 1286 4469 (οιιιιιινὲο)
1306 4402 1393 4470 ἰαμβο-

79 4513 138 4575 mus)
154 4520 200 4564 cst.

147 4621 171 4686 ¹)
196 4621 267 4675 Nam
291 4635 350 4672 eum
374 4634 476 4688 quoque
499 4619 674 4670 eeumrionem
696 4616 776 4668 fuisse
801 4628 835 4666 er
859 4613 935 4666 XLV
959 4608 1095 4676 stipendiis
1118 4619 1183 4672 quae
1208 4601 1315 4655 emeruit
1339 4607 1394 4652 tuto

79 4713 188 4764 concludi
205 4719 299 4780 potest.

146 4819 172 4884 ¹)
196 4823 319 4875 fortasse
336 4821 415 4873 stiam
432 4818 550 4872 consulto
567 4831 675 4869 munera
685 4815 736 4868 boc
748 4815 840 4866 ordine
852 4812 1012 4864 exhibentur.
1042 4803 1219 4872 Prlmtpilares
1231 4803 1301 4853 enim
1310 4807 1394 4853 aetate

78 4911 237 4978 inperatoria
254 4913 359 4964 fuerunt
375 4911 442 4962 urdo
459 4909 600 4977 privilegiis
618 4909 681 4960 sads
698 4907 792 4974 amplis
810 4905 936 4966 munitus,
959 4899 1135 4953 indalecium
1153 4902 1200 4958 est,
1222 4900 1251 4944 ut
1268 4893 1296 4943 iu
1313 4891 1394 4942 titulis

78 5015 160 5055 sorum
177 5017 256 5070 saepe
272 5004 358 5056 statim
377 5009 437 5068 pust
453 5015 549 5053 nomen
566 4999 712 5052 edicantur
729 5002 777 5044 Η
796 5002 860 5049 nota
877 4997 895 5046 i.
908 5009 932 5046 e.
950 4990 1130 5059 primipilaris,
1151 4987 1243 5039 codem
1261 4999 1322 5045 usu,
1342 4997 1393 5048 qno

78 5095 172 5146 murini
188 5095 302 5162 equitum
314 5095 492 5148 Romanorum
509 5091 621 5144 adicitm
638 5105 705 5156 equo
722 5088 834 5155 publico,
854 5091 989 5151 mutaque
1006 5083 1125 5150 aequiora
1136 5092 1231 5131 nomen
1243 5074 1317 5140 aequi
1328 5072 1395 5124 solet

32 5191 36 5200 ·
79 5183 116 5231 rtr
132 5184 294 5249 elmuinus,
308 5184 506 5254 perfectissimus
524 5190 569 5236 cet.
605 5181 639 5235 lu
655 5181 765 5233 fumasse
775 5180 810 5231 ‘in
828 5178 879 5229 boc
897 5189 998 5244 quoque
1015 5174 1090 5227 titulo
1108 5171 1203 5225 factum
1223 5167 1268 5227 itt·
1287 5172 1316 5215 ¹¹¹
1336 5163 1392 5214 ¹²¹⁶·

80 5275 158 5329 ιίιιιιι
175 5292 256 5332 cama
272 5279 357 5333 cutim
374 5277 513 5332 adderetur
530 5275 609 5328 etiam
626 5272 703 5340 legio.
