3578 5962
353 622 427 695 266
905 635 1131 690 rumorumve.

354 813 509 874 Veronese
531 831 579 870 me
599 810 717 870 rieordo
745 810 776 868 in
800 809 858 868 due
880 827 1046 870 marmoree
1066 810 1168 870 tabule
1190 808 1222 868 eli
1243 807 1278 870 O.
1304 807 1403 870 Gauio
1426 820 1457 870 et
1478 810 1515 870 L.
1538 811 1677 872 Novellio

354 923 384 976 et
424 913 525 976 Gauia
554 911 695 972 Cornelia
730 913 857 971 heuerla
897 919 1048 985 atrouata3
1096 911 1236 971 similiter
1272 911 1456 988 uellantiquo
1489 912 1617 972 delubro
1651 915 1678 973 dl

355 1026 460 1076 saneta
479 1015 597 1075 Iustina
624 1013 705 1073 nella
732 1012 793 1073 citri
819 1014 849 1072 di
871 1014 998 1075 Patauio
1025 1022 1055 1073 et
1080 1013 1111 1073 in
1138 1021 1242 1072 saneto
1269 1013 1387 1074 Hilario
1413 1014 1491 1074 oltre
1518 1013 1680 1092 Beuaoo¹).

352 1117 401 1177 La
421 1135 512 1177 reson
532 1125 563 1176 et
583 1116 679 1176 forma
700 1116 737 1176 de
759 1113 839 1177 diota
858 1117 959 1178 littera
978 1134 1040 1176 non
1060 1123 1167 1176 atrouo
1193 1115 1272 1176 nelle
1293 1133 1411 1178 meeure
1432 1117 1557 1195 antique
1577 1119 1681 1197 perche

253 1225 255 1230 “
353 1238 414 1279 uon
436 1221 463 1279 si
485 1225 629 1280 costuma

397 1607 512 1668 Ordine
541 1625 560 1666 a
581 1607 732 1667 masinare
759 1626 812 1667 oro
839 1614 870 1666 et
895 1609 1030 1686 angiento
1056 1607 1146 1668 sutile
1167 1626 1222 1685 per
1241 1607 1332 1667 modo
1354 1609 1408 1669 ohe
1431 1619 1462 1668 tu
1482 1629 1521 1668 ne
1543 1610 1644 1685 eurinj.

437 1791 528 1868 Habij
550 1792 575 1851 il
593 1791 681 1852 uedio
700 1791 765 1869 (aio,
781 1793 800 1851 l.
817 1792 922 1871 vedro)
944 1795 1038 1870 pulito
1054 1813 1071 1854 e
1085 1803 1155 1854 neto
1175 1803 1206 1854 et
1221 1793 1362 1870 egomalo
1377 1794 1519 1871 alquanto
1535 1813 1594 1853 uon
1610 1813 1681 1872 aqua

353 1892 502 1971 agomada
525 1893 615 1965 forte,
645 1913 662 1954 e
689 1894 783 1955 tienlo
810 1912 902 1971 sopra
928 1895 956 1954 el
983 1896 1054 1975 logo
1083 1903 1167 1956 tanto
1196 1895 1250 1955 ohe
1278 1895 1421 1972 alquanto
1447 1895 1612 1974 premendo
1638 1898 1682 1956 eol
1780 1893 1781 1958 i

352 1995 421 2055 (leto
444 1995 471 2054 ai
494 1997 570 2056 senti
592 1996 620 2054 el
643 1996 763 2056 stridor.
806 1996 862 2054 Poi
884 1997 956 2072 poni
982 2014 1042 2056 uno
1062 1998 1158 2076 foglio
1180 1998 1286 2056 dioro
1308 1998 1415 2057 batuto
1437 2005 1466 2056 et
1486 1997 1564 2056 forte
1584 2017 1682 2076 preme
1780 2031 1781 2034 κ

353 2097 400 2156 ool
416 2097 485 2156 deto
499 2107 583 2157 tanto
597 2097 694 2157 ohe'si
707 2099 832 2178 asutigli
852 2107 963 2176 quanto
979 2099 1072 2177 poesi,
1092 2119 1108 2160 e
1123 2101 1203 2160 cossi
1218 2117 1337 2176 sempre
1352 2117 1392 2158 ua
1405 2098 1585 2178 giongiendo
1600 2116 1652 2159 oro
1666 2121 1681 2159 e
1780 2161 1781 2164 ,

353 2200 518 2274 rumpendo
540 2200 588 2260 ool
610 2199 679 2258 deto
702 2201 732 2258 di
754 2219 838 2259 mezo
853 2201 890 2260 ‹le
905 2203 935 2261 le
954 2221 1024 2260 man
1039 2203 1141 2261 destra
1163 2199 1318 2278 equando
1340 2200 1480 2277 alquanto
1502 2200 1588 2260 fusse
1609 2201 1681 2261 forte
1780 2193 1781 2206 ἢ

353 2309 472 2378 troppo,
485 2302 610 2380 giongilj
627 2319 819 2378 sempreuna
830 2321 907 2381 goze
920 2302 950 2362 di
965 2321 1044 2380 aqua
1059 2302 1204 2381 degum,
1219 2303 1272 2381 poi
1283 2303 1430 2361 masinato
1442 2301 1497 2361 ohe
1511 2303 1568 2377 sia,
1584 2303 1680 2362 laualo
1780 2323 1781 2350 1

353 2402 405 2479 giu
427 2402 484 2478 [in]
512 2423 572 2462 una
598 2405 746 2480 oopellina
771 2405 802 2464 di
827 2405 922 2464 uietro
943 2422 1001 2463 eon
1022 2423 1209 2482 aquaputa,
1236 2404 1287 2482 poi
1309 2404 1340 2462 lo
1362 2403 1430 2462 oola
1450 2420 1508 2463 oon
1529 2423 1591 2462 una
1611 2402 1681 2482 peri

355 2511 425 2562 neta
446 2504 483 2564 de
504 2505 567 2564 lino
582 2504 695 2583 ‹loppia
714 2525 732 2564 e
753 2507 854 2564 laualo
876 2507 913 2565 de
936 2523 1015 2566 nouo
1037 2524 1092 2582 per
1106 2515 1213 2583 quatro
1234 2503 1323 2579 liade,
1345 2525 1362 2563 e
1383 2523 1459 2583 auga
1475 2505 1527 2581 poi
1550 2505 1634 2566 fuora
1652 2508 1680 2565 la
1780 2577 1781 2580 Ἴ

299 2633 304 2640 ·
354 2605 418 2663 dita
439 2623 518 2681 aqua
543 2609 762 2690 etntemperalo
790 2627 846 2667 oon
873 2627 952 2685 aqua
977 2625 1050 2668 rosa
1075 2615 1214 2687 agomatu
1236 2609 1323 2668 dolze
1344 2625 1361 2666 e
1382 2607 1432 2685 poi
1453 2625 1491 2666 ne
1512 2608 1602 2683 eoriuj
1626 2627 1680 2667 oon

353 2707 385 2764 le
399 2725 506 2782 penna,
528 2708 679 2784 equando
700 2710 730 2768 le
744 2711 843 2769 littere
858 2709 964 2770 nerano
980 2711 1062 2770 aiche
1084 2729 1100 2768 e
1120 2720 1153 2771 tu
1166 2710 1194 2770 le
1215 2710 1365 2770 brunisoie
1386 2709 1435 2768 ool
1449 2708 1538 2768 dente
1553 2708 1584 2768 di
1598 2711 1678 2769 leone

355 2823 429 2865 ouer
450 2808 523 2883 lupo
550 2826 568 2866 o
595 2827 684 2881 cane,
712 2819 892 2870 eataranno
917 2813 1003 2872 bene.
1047 2811 1085 2870 El
1112 2813 1211 2872 simile
1233 2813 1260 2872 si
1281 2813 1314 2870 fa
1334 2811 1518 2888 delargiento
1541 2831 1559 2871 e
1579 2821 1679 2888 questo

353 2908 416 2967 eil
437 2908 526 2968 modo
549 2910 579 2968 di
602 2930 657 2985 mu,
680 2911 845 2987 Feliciono,
868 2914 889 2971 il
911 2915 1000 2990 quale
1020 2914 1051 2973 io
1075 2915 1174 2993 aoglio
1197 2931 1286 2973 usare
1307 2914 1357 2972 nel
1377 2913 1438 2972 mio
1461 2913 1601 2974 seriuere
1635 2913 1679 2975 Ne

355 3007 422 3086 (ne)
444 3018 531 3070 trouo
552 3011 575 3071 il
598 3013 709 3090 meglio
729 3014 777 3074 fra
798 3022 880 3075 tante
901 3015 1088 3094 experientie
1110 3017 1161 3093 gia
1182 3023 1336 3093 aprouate.

750 3207 780 3266 A
801 3206 847 3266 lar
868 3207 981 3284 optimo
1003 3227 1020 3266 e
1041 3208 1140 3267 buono
1162 3207 1293 3267 ueraino.

438 3355 517 3418 Redi
545 3361 574 3419 el
602 3361 690 3441 legno
705 3343 838 3441 'eponilo
867 3364 899 3422 in
925 3373 1009 3424 aceto
1036 3363 1144 3424 bianoo
1166 3362 1333 3423 fortissimo
1359 3381 1375 3420 e
1397 3361 1513 3422 lassulo
1534 3365 1629 3424 emole
1648 3365 1679 3442 (a
1780 3363 1781 3396 ³

355 3458 459 3534 molle)
481 3479 536 3537 per
555 3461 593 3521 V.
621 3468 705 3540 zornj
727 3465 888 3544 ponendolj
915 3465 947 3525 in
974 3467 1153 3544 oompaguia
1179 3466 1321 3543 alquanto
1347 3464 1464 3523 delume
1490 3465 1527 3524 do
1552 3484 1635 3540 roza3
1661 3488 1678 3526 e

354 3560 476 3634 quando
503 3563 532 3622 el
558 3563 636 3624 dioto
660 3567 783 3625 uerzino
805 3586 821 3626 e
844 3575 922 3627 stato
944 3587 999 3644 per
1020 3567 1058 3627 V.
1081 3587 1099 3625 o
1122 3568 1166 3626 sei
1187 3569 1287 3643 aornj,
1312 3566 1375 3625 talo
1402 3566 1500 3626 bulire
1525 3575 1607 3628 tanto
1626 3569 1678 3628 ehu

353 3661 410 3736 calj
432 3657 469 3742 ἦ,
500 3664 553 3740 poi
580 3668 706 3742 premilo
732 3667 817 3727 suone
844 3677 913 3728 neto
941 3689 957 3728 e
983 3668 1072 3746 getalj
1096 3669 1200 3729 dentro
1224 3687 1312 3728 oozze
1333 3668 1447 3728 mariue
1468 3668 1500 3728 in
1521 3670 1676 3746 polueree

355 3760 470 3823 laseelo
494 3767 576 3824 cossi
596 3785 651 3844 per
672 3787 731 3827 uno
755 3788 772 3827 o
794 3770 845 3829 dui
859 3773 942 3846 zornj
965 3779 1048 3830 tanto
1071 3771 1139 3830 ohel
1158 3770 1233 3850 pigli
1255 3771 1283 3829 el
1304 3770 1405 3830 colore
1427 3789 1447 3828 a
1467 3787 1524 3831 euo
1545 3771 1677 3832 modoet

356 3871 469 3936 quanto
490 3883 510 3924 a
530 3872 560 3925 te
580 3869 675 3945 piace,
697 3871 729 3928 in
748 3873 800 3948 poi
820 3891 858 3931 ne
881 3874 981 3957 seriuj,
1003 3891 1020 3931 e
1041 3890 1101 3933 non
1121 3873 1144 3931 li
1164 3891 1259 3952 pouer
1279 3889 1376 3949 goma.

654 4061 686 4119 A
707 4060 770 4121 lare
793 4064 913 4123 uerzino
934 4082 988 4141 per
1010 4064 1111 4141 specio
1134 4064 1166 4125 di
1186 4084 1272 4125 meza
1293 4067 1374 4128 hora.

433 4227 517 4289 Batti
537 4231 565 4291 el
587 4233 688 4294 chiaro
710 4236 747 4294 de
769 4253 827 4294 ouo
847 4255 865 4295 e
881 4238 1028 4315 epongalo
1043 4237 1136 4297 molto
1157 4238 1232 4297 bene
1255 4258 1271 4298 e
1292 4239 1343 4316 poi
1364 4240 1436 4317 poni
1457 4239 1486 4298 el
1500 4239 1562 4299 dito
1576 4239 1671 4299 ehiaro

352 4327 389 4387 de
412 4347 471 4390 ouo
491 4334 523 4393 in
543 4355 605 4395 nna
625 4354 699 4396 ooza
718 4338 844 4411 marina,
867 4338 896 4396 el
916 4339 998 4415 ligno
1020 4356 1091 4398 raso
1111 4340 1248 4414 insieme,
1272 4349 1356 4402 tento
1378 4342 1446 4402 ohel
1466 4341 1568 4401 ohiaro
1588 4357 1672 4418 sopra

354 4515 558 4530 ᾕ-

431 4635 456 4698 1)
480 4639 561 4692 Tituli
579 4642 606 4692 hi
626 4645 734 4708 reperiri
752 4659 806 4696 non
823 4653 971 4711 potnerunt.
1004 4646 1034 4699 C.
1048 4646 1125 4700 Gavii
1143 4648 1277 4700 cuiusdam
1296 4649 1383 4701 titulus
1402 4649 1446 4712 (V,
1460 4649 1544 4712 362⁷)
1562 4651 1669 4700 Veronae

354 4724 387 4774 ad
406 4725 552 4782 &Proculi
571 4734 634 4784 olim
653 4735 794 4787 oollooetne
813 4743 839 4788 et
855 4737 989 4790 Felioiano
1007 4746 1083 4790 notun
1102 4740 1170 4791 hane
1188 4748 1277 4792 notam
1295 4756 1348 4792 non
1366 4740 1453 4792 habet.
1467 4769 1502 4780 -
1521 4742 1582 4793 Non
1598 4739 1669 4804 magis

353 4829 411 4866 eam
429 4817 508 4871 habet
526 4824 614 4877 titulus
632 4827 662 4878 L.
682 4827 796 4880 Novellil
815 4827 859 4892 (V,
880 4829 970 4893 3679),
991 4832 1035 4896 qui
1053 4831 1102 4880 fuit
1119 4833 1242 4884 Veronae
1260 4833 1294 4884 ad
1312 4833 1341 4886 S.
1359 4834 1481 4896 Zenonis,
1506 4833 1600 4884 relatus
1616 4833 1668 4882 item

352 4908 422 4971 apud
440 4909 614 4979 Felicionem
635 4931 791 4985 quamquam
810 4934 876 4986 quoe
894 4922 921 4971 in
940 4937 971 4973 oo
990 4923 1119 4973 invenitur
1137 4923 1223 4976 littera
1249 4925 1309 4980 {in
1329 4937 1461 4981 R-lODAN
1481 4941 1538 4976 cum
1558 4925 1601 4976 ille
1617 4936 1666 4973 eou-

353 5005 428 5059 lundl
445 5013 539 5076 potuit.
553 5041 587 5052 -
602 5015 702 5070 Gaviao
715 5019 852 5072 Corneliae
871 5021 959 5072 titulus
978 5023 1063 5074 nnllne
1081 5021 1160 5076 hodie
1179 5031 1256 5076 notua
1274 5031 1369 5076 eet-
1389 5025 1494 5077 Patavii
1512 5026 1546 5077 ad
1565 5027 1591 5079 S.
1602 5022 1666 5076 Iusti·

354 5113 403 5150 nee
428 5109 501 5153 extat
523 5106 627 5170 quidem
650 5109 738 5162 titulm
761 5127 819 5163 oum
841 5127 873 5163 ea
898 5113 930 5164 de
955 5129 1006 5180 qua
1029 5117 1113 5181 agitur
1136 5121 1199 5168 nota
1218 5116 1262 5180 (V,
1283 5116 1373 5180 296³),
1393 5117 1439 5169 sed
1457 5115 1602 5169 Felioianun
1618 5125 1664 5164 eum

354 5203 407 5242 nou
428 5193 515 5246 refert.
535 5223 568 5234 ·-
595 5198 623 5252 S.
643 5200 737 5252 Hilarii
762 5204 847 5256 vicum
864 5195 940 5258 'ultre
957 5199 1096 5260 Benacum'
1119 5209 1204 5276 ipsum
1221 5209 1334 5276 reperire
1353 5223 1406 5261 non
1424 5209 1563 5276 potuimus,
1583 5206 1663 5260 ΜΝ

352 5281 454 5339 titulum
471 5287 509 5341 ibi
527 5289 689 5345 collocatum.
