3610 5956
363 550 408 622 16
888 567 1161 620 nnnrrnnanua
1595 575 1690 626 as-rr

360 743 469 814 missa,
496 741 573 799 alies
600 740 640 798 ad
666 739 827 800 editionem
847 738 985 800 Henzeni
1007 741 1139 799 maxime
1161 758 1235 799 cura
1256 747 1391 818 paratam
1412 742 1443 800 iu
1465 743 1541 804 actis
1562 744 1689 804 instituti

360 842 580 919 archaeologici
599 861 654 920 per
675 843 732 901 hes
755 859 849 901 annos
865 839 962 914 editis,
984 842 1143 918 plerosque
1160 849 1261 901 autem
1284 842 1412 917 (scilieet
1426 852 1574 922 quotquot
1588 858 1691 908 carent

359 945 519 1021 asterisco)
542 945 580 1004 ab
595 943 706 1002 Adolfo
721 943 984 1022 Trendelenburg,
1007 944 1058 1020 qui
1080 962 1099 1001 a
1120 944 1207 1002 nobis
1228 953 1352 1021 rogatus
1374 945 1413 1004 ob
1430 965 1496 1006 eam
1510 967 1572 1007 rem
1588 967 1689 1008 mense
1783 975 1784 998 1

360 1045 483 1106 Octobri
505 1064 533 1104 a.
548 1045 624 1105 1871
643 1045 806 1104 Praeneste
828 1046 911 1118 adiit,
934 1045 1161 1122 diligentissime
1183 1047 1352 1124 recognitos
1368 1047 1417 1106 vel
1431 1048 1519 1106 etiam
1535 1068 1615 1110 nune
1629 1053 1690 1127 pri·

358 1167 440 1207 mum
461 1147 637 1224 descriptos.
671 1145 797 1221 Locum,
820 1166 907 1224 quem
930 1148 960 1205 in
982 1148 1079 1226 pineis
1101 1148 1258 1224 inscriptio
1273 1159 1406 1226 occupat,
1429 1149 1467 1208 ad
1481 1151 1546 1210 eius
1560 1153 1690 1212 maxime
1783 1157 1784 1188 1

358 1250 566 1308 adnotationes
584 1248 781 1307 indicavimus
796 1248 926 1324 itemque
941 1249 1068 1308 formam
1082 1249 1248 1307 litterarum
1263 1249 1302 1307 ad
1323 1251 1387 1308 eins
1410 1251 1549 1327 exempla
1570 1253 1688 1328 potissi·
1783 1265 1784 1328 1

357 1370 437 1409 mum
464 1349 678 1427 expressimus.
722 1349 840 1409 Monuit
866 1349 944 1408 idem
967 1350 1084 1409 litterae
1105 1371 1124 1408 0
1146 1351 1256 1427 figuras
1278 1351 1303 1408 a
1326 1350 1355 1409 Α
1378 1350 1421 1422 Α,
1447 1351 1518 1411 item
1539 1353 1656 1413 litterae
1679 1356 1690 1412 l

361 1455 375 1510 1
397 1453 413 1509 ir
434 1453 456 1512 b
478 1452 498 1510 1.
521 1453 564 1510 ita
585 1451 678 1527 pingi,
701 1459 733 1508 ut
754 1451 901 1527 scriptura
922 1451 960 1508 ab
982 1452 1042 1509 alia
1063 1452 1100 1509 ad
1123 1435 1217 1510 aliam
1234 1470 1289 1527 per
1309 1451 1419 1527 gradm
1443 1453 1571 1513 declinet
1591 1457 1688 1534 magis

357 1573 447 1630 quam
469 1561 551 1612 certa
572 1554 687 1611 ratione
709 1569 761 1610 eas
778 1551 951 1628 distinguat.
988 1551 1122 1610 Litterae
1138 1553 1291 1611 ciormam
1306 1554 1480 1631 angularem
1495 1563 1606 1614 certam
1623 1575 1689 1616 esse
1783 1545 1784 1578 .

358 1655 384 1728 I,
402 1653 460 1713 158
484 1653 549 1730 (ubi
572 1663 715 1717 (·vsoao
737 1653 810 1730 legit
825 1652 1127 1732 Trendelenburgius,
1150 1672 1215 1712 oum
1232 1669 1270 1725 Q,-
1285 1673 1340 1730 pro
1356 1671 1386 1713 c·
1409 1655 1451 1714 ibi
1465 1655 1593 1717 viderint
1607 1657 1689 1717 Heu·
1783 1657 1784 1700 t

357 1773 449 1815 aeuus
463 1753 733 1831 Ritscheliusque),
754 1755 821 1831 eph.
837 1754 887 1813 55.
905 1756 973 1814 111.
1006 1755 1211 1815 Mommsenus
1226 1755 1283 1833 Ip.
1297 1755 1357 1814 554
1374 1757 1488 1829 statuit,
1502 1775 1570 1816 cum
1584 1759 1687 1817 titulos

357 1858 423 1935 ipse
447 1857 573 1916 vidisset
594 1855 633 1913 ad
654 1854 862 1932 quadraginta,
883 1857 1052 1916 remotioris
1074 1857 1182 1916 aetatis
1204 1857 1414 1934 inscriptiones
1436 1875 1505 1917 esse
1527 1877 1590 1930 eas,
1613 1879 1687 1936 quae

357 1959 389 2016 in
411 1958 534 2017 basibus
554 1957 692 2016 rotundis
714 1957 869 2034 pinearum
892 1957 982 2015 modo
1003 1959 1035 2017 in
1057 1958 1191 2034 margine
1211 1958 1274 2016 sive
1290 1960 1444 2035 superiore
1460 1960 1524 2019 sive
1538 1959 1687 2033 inferiore,

356 2061 446 2128 modo
467 2059 499 2117 in
520 2059 585 2118 basi
607 2057 706 2117 media
727 2057 914 2136 conscriptae
936 2059 1010 2132 sint,
1038 2077 1147 2135 easque
1169 2059 1263 2118 videri
1284 2059 1456 2120 tribuendas
1478 2078 1546 2120 esse
1568 2063 1686 2120 saeculo

356 2162 461 2238 quinto
482 2169 617 2232 sextove,
638 2160 767 2217 sortasse
789 2159 879 2217 etiam
901 2161 1021 2237 septimi
1042 2160 1138 2233 initio,
1160 2168 1263 2219 contra
1283 2162 1464 2220 recentiores
1485 2179 1553 2221 esse
1574 2163 1686 2235 titulos,

357 2264 408 2340 qui
429 2263 477 2321 vel
502 2262 533 2320 iu
560 2263 657 2340 pineis
682 2261 756 2339 ipsis
778 2261 826 2319 vel
848 2261 878 2319 iu
900 2261 1026 2321 basibus
1048 2261 1202 2338 quadratis
1223 2262 1329 2340 pineae
1351 2263 1516 2339 suppositis
1537 2263 1685 2342 leguntur,

356 2382 408 2424 eas
435 2364 513 2422 enim
540 2361 721 2422 descendere
742 2380 838 2438 nsque
859 2361 898 2420 ad
918 2369 1099 2439 postremam
1120 2363 1306 2441 reipublicae
1326 2363 1439 2424 liberae
1461 2372 1597 2424 aetatem.
1641 2365 1686 2424 Ea

356 2466 466 2524 divisio
487 2483 555 2523 oum
576 2473 647 2541 post
667 2463 772 2522 titulos
794 2473 902 2539 postea
917 2464 948 2522 in
962 2464 1058 2522 lucem
1074 2465 1211 2540 prolatos
1225 2466 1352 2543 repetito
1367 2467 1499 2528 examini
1513 2466 1686 2526 subicienda

357 2567 410 2638 sit,
436 2565 518 2642 quod
544 2585 583 2625 ex
608 2573 693 2641 parte
720 2564 849 2641 praeivit
868 2563 1030 2625 Henzenus
1051 2565 1134 2625 Ball.
1159 2565 1237 2626 1866
1259 2587 1289 2646 p.
1308 2567 1381 2640 134,
1406 2585 1463 2627 nos
1490 2587 1581 2646 quam
1602 2587 1685 2627 aeon-

356 2666 506 2726 ratissime
533 2665 701 2742 potuimus,
729 2684 818 2743 quem
848 2667 971 2744 quaevis
998 2667 1153 2746 inscriptio
1181 2667 1280 2727 locum
1309 2676 1448 2746 occupet,
1476 2669 1684 2730 indicavimus.

356 2767 506 2827 Addimus
523 2767 686 2830 secundum
701 2766 910 2828 adnotationes
926 2769 1183 2846 Trendeleuburgi
1203 2770 1264 2848 legi
1285 2771 1312 2844 1,
1328 2769 1377 2829 86.
1395 2770 1463 2829 118.
1481 2770 1539 2830 120
1561 2772 1594 2830 in
1609 2792 1685 2832 mar·

355 2870 425 2949 gine
453 2869 606 2947 superiore
631 2869 714 2928 basis
736 2870 882 2930 rotundae
904 2871 1026 2946 pineae;
1051 2872 1082 2943 I,
1104 2870 1153 2930 91».
1177 2871 1226 2932 95.
1249 2870 1307 2930 158
1335 2871 1367 2930 in
1388 2871 1522 2950 margine
1543 2872 1684 2934 inferiore

356 2971 438 3031 basis
459 2969 605 3029 rotundae
625 2970 745 3047 pineae3
767 2969 1110 3043 1,92.121.124.143
1133 2973 1164 3031 in
1186 2972 1252 3032 basi
1274 2972 1422 3033 rotundae
1442 2974 1563 3051 pineae3
1585 2974 1683 3048 1,136

354 3072 388 3132 10
408 3073 476 3132 basi
496 3079 660 3149 protomae.

356 3274 401 3336 95
428 3277 459 3334 10
486 3276 553 3336 basi
580 3277 726 3353 quadrata
751 3277 875 3352 pineae.
917 3276 1081 3336 Praeneste
1107 3277 1138 3335 in
1167 3278 1254 3336 vinea
1281 3276 1430 3338 Gaieassi.
1479 3278 1579 3338 Hodie
1606 3281 1683 3358 apud

397 3376 595 3437 Bonannium.

893 3475 920 3517 id
935 3490 942 3504 ·
957 3477 1045 3520 acam
1060 3489 1068 3506 ·
1083 3477 1102 3520 C
1117 3491 1124 3505 ·
1140 3477 1155 3519 F

355 3614 533 3674 Bonannius
553 3613 634 3672 Ball.
659 3613 739 3673 1870
761 3633 790 3691 p.
809 3616 877 3675 106.

399 3713 445 3773 cf.
468 3714 493 3785 I,
511 3714 549 3773 83
576 3715 606 3774 0.
630 3715 721 3791 Aqutt'
744 3716 774 3776 0.
790 3718 818 3792 s.
842 3725 871 3774 et
892 3716 1012 3776 titulum
1035 3726 1216 3792 sequentem.

356 3920 403 3980 26
430 3921 461 3978 in
489 3921 554 3981 basi
581 3921 727 3998 quadrata
752 3924 867 3998 pineae.
912 3923 1077 3983 Praeneste
1100 3926 1131 3984 in
1158 3925 1249 3984 fundo
1270 3926 1349 3985 dieto
1373 3927 1402 3985 10
1427 3927 1600 3988 columnella
1620 3949 1680 4006 rep.
1783 3959 1784 3990 ι

396 4041 435 4081 m.
460 4019 542 4099 Sept.
566 4041 592 4080 a.
611 4021 700 4082 1868.

862 4123 936 4165 sex·
953 4123 1068 4166 nrrtrvs
1084 4138 1090 4153 ·
1106 4126 1124 4167 τ
1140 4124 1178 4166 ·r=

353 4259 515 4320 Henzenus
539 4260 577 4318 ad
605 4269 744 4336 ectypum
770 4260 896 4320 missum
922 4281 941 4320 a
966 4262 1110 4322 canonico
1136 4262 1331 4323 Praenestino
1358 4263 1397 4325 D.
1419 4264 1577 4324 Bonanuio
1600 4249 1681 4326 8011.

357 4360 435 4421 1869
457 4361 573 4438 p.165.

355 4565 402 4626 97
430 4567 462 4625 10
487 4567 555 4626 basi
583 4569 714 4626 rotunda
741 4567 857 4646 pineae.
901 4569 1067 4630 Praeneste
1093 4572 1125 4630 in
1150 4569 1244 4630 fundo
1265 4572 1345 4631 dicto
1372 4574 1403 4634 la
1427 4573 1599 4634 colunnella
1614 4571 1680 4651 rep.

396 4687 435 4726 m.
459 4665 540 4744 Sept.
563 4687 590 4727 a.
609 4666 697 4727 1868.
740 4668 841 4729 Hodie
862 4671 942 4748 apud
963 4670 1162 4732 Bonannium.

948 4849 961 4891 1
976 4862 983 4877 ·
998 4849 1095 4893 AGVTI

354 4988 405 5052 Sic
426 4988 719 5070 Trendelenburgius
748 4999 778 5051 st
804 5002 944 5072 eetypum
971 4994 1117 5056 Henneno
1148 4997 1274 5057 missurn
1301 5016 1320 5056 a
1345 4995 1385 5056 D.
1413 4996 1570 5057 Bonannio
1598 4996 1680 5054 Bait.

356 5089 435 5151 1839
456 5110 486 5170 p.
501 5091 569 5153 165.

395 5191 432 5250 In
453 5192 499 5252 ed.
521 5211 622 5254 errore
643 5193 751 5272 legitur
774 5213 809 5254 a·
825 5211 921 5256 acvrr
937 5228 943 5243 ·
959 5217 979 5258 Α
994 5229 1001 5242 ·
1017 5217 1041 5258 r.
