3546 5950
373 591 443 660 146
721 631 723 636 -
942 601 1125 655 mommsen

454 775 569 837 Crasso
589 773 704 833 consuli
725 791 752 832 a.
769 771 806 830 27
831 773 934 848 nupsit
948 769 1106 832 Scribonia
1126 770 1280 834 nominata
1300 771 1379 847 apud
1395 768 1539 832 Senecam
1557 770 1599 845 (in
1614 789 1670 847 apo-

370 879 485 938 theosis
500 895 524 936 c.
540 877 590 953 11)
605 884 636 933 et
649 875 787 933 Tacitum
800 873 886 948 (bist.
905 875 931 946 1,
947 872 998 949 ll)
1013 881 1043 931 et
1057 872 1252 930 Plutarchum
1268 870 1372 947 (Galb.
1384 870 1450 948 33),
1472 873 1555 932 cuius
1569 881 1670 931 stemma

372 980 485 1039 subieci
512 977 696 1036 emendatius
725 976 831 1050 opinor
859 992 895 1033 eo
923 973 1002 1048 quod
1030 972 1187 1049 proposuit
1214 972 1459 1050 Borghesius¹);
1488 975 1526 1032 ab
1554 991 1586 1030 eo
1609 973 1669 1030 enin

372 1086 527 1139 stemmate
550 1079 625 1138 haec
647 1077 813 1153 disputatio
836 1076 884 1135 vel
905 1075 1037 1134 maxime
1058 1073 1177 1150 pendet.

391 1230 446 1291 Cn.
458 1230 621 1306 Bompeius
632 1229 760 1306 Magnus
791 1190 1382 1288 m
1394 1253 1432 1280 υ
1447 1222 1558 1284 Caesar
1569 1233 1655 1302 postea

457 1393 459 1400 Ι
529 1311 631 1392 ,1706
918 1325 980 1366 000.
998 1305 1058 1365 720
1410 1303 1415 1451 p
1465 1305 1642 1386 Augustus¹)

402 1466 474 1528 Sex.
499 1468 662 1621 Poprppelips
684 1466 812 1542 Magnus
845 1497 883 1688 ep
918 1462 1075 1524 Scribonia
1147 1452 1156 1465 ’
1373 1462 1455 1688 Inpia
1475 1469 1545 1520 nata
1563 1460 1616 1519 711

391 1704 428 1762 s.
446 1703 620 1764 Scribonius
636 1703 713 1762 urso
736 1733 774 1928 2'.
797 1701 942 1779 Pompeia
1334 1697 1670 1794 Agspptnaooefm·
1741 1747 1743 1766 ι

1536 1781 1541 1928 1
1589 1797 1655 1839 nrcus

391 1956 941 1989 μ--Ι--ώ-Ὰ
1195 1952 1666 1984 ρ--ι--ι-Μ--ῆ

389 1993 426 2051 L.
439 1992 558 2053 Scribo·
580 1994 619 2049 M.
634 1990 754 2051 Scribo·
775 1991 984 2052 Scriboniav
999 1990 1038 2048 Μ.
1051 1987 1182 2048 Crassus
1205 1988 1287 2058 Nero
1298 1988 1374 2048 Cae·
1396 1989 1520 2050 Drusus
1541 1986 1670 2047 0.me

398 2077 465 2135 nius
480 2076 515 2134 Ι..
531 2076 654 2134 iuius
669 2075 748 2134 Libo
999 2073 1093 2148 Frugi
1106 2090 1167 2131 cos.
1232 2090 1284 2131 sar
1305 2090 1333 2129 n.
1397 2069 1515 2132 Caesar
1541 2071 1667 2130 n.tts=

400 2158 551 2216 Libooos.
589 2157 747 2234 Drusus³)
1001 2154 1170 2215 780=27
1217 2154 1365 2213 760=7
1594 2151 1624 2210 lt

391 2241 555 2300 769=16
599 2261 643 2318 pr.
668 2240 726 2299 769

453 2425 489 2482 In
505 2423 692 2484 Scriboniam
708 2422 812 2483 Crassi
834 2442 958 2481 uxorem
982 2442 1048 2481 cum
1071 2423 1141 2479 item
1164 2421 1324 2480 conveniat
1343 2421 1424 2497 quod
1449 2422 1486 2480 de
1506 2423 1591 2480 fratre
1607 2436 1669 2496 prae

369 2526 449 2584 dicat
470 2526 595 2584 Tacitus
618 2525 701 2600 (ann.
722 2524 755 2598 2,
777 2521 831 2600 27)
859 2542 1004 2601 proavum
1030 2524 1058 2580 ei
1084 2523 1179 2581 fuisse
1205 2522 1397 2599 Pompeium,
1427 2523 1549 2582 amitam
1576 2522 1669 2595 (nempe

370 2627 490 2684 amitam
507 2621 665 2697 maiorem,
688 2627 793 2703 proavi
815 2623 963 2700 sororem)
985 2623 1171 2685 Scriboniam
1187 2625 1328 2700 Augusti,
1351 2625 1550 2684 consobrinos
1570 2622 1669 2699 (seilicet

369 2727 475 2784 latiore
497 2727 724 2802 significatione,
746 2744 807 2802 qua
821 2726 997 2785 vocabulum
1025 2725 1231 2801 complectitur
1252 2724 1342 2783 etiam
1364 2730 1454 2785 natos
1476 2722 1669 2803 expetentibus

369 2819 457 2885 inter'
473 2845 505 2885 se
535 2827 679 2903 sobrinis)
707 2826 870 2898 Caesares,
896 2827 1036 2886 nimirum
1065 2825 1253 2903 Agrippinae
1278 2824 1358 2883 iiiios
1385 2824 1538 2886 Neronem
1562 2826 1668 2884 Drusum

371 2925 496 2998 Gaium,
519 2929 573 2986 vix
595 2929 657 2986 ullu
677 2928 785 2988 domus
808 2948 844 2987 eo
866 2935 999 3006 tempore
1020 2928 1077 2986 fuit
1098 2944 1207 3001 aeque,
1235 2911 1273 2983 ut⁴
1289 2924 1414 2985 Tacitus
1439 2928 1496 3000 eit,
1520 2923 1668 3002 imaginibus

369 3028 467 3105 plena.
510 3030 546 3087 Id
573 3028 764 3105 quodetiam
792 3030 887 3106 magis
910 3009 1026 3089 obtinet
1046 3029 1083 3087 de
1106 3028 1194 3086 domo
1216 3028 1247 3084 in
1269 3046 1359 3102 quarn
1382 3027 1452 3104 ipsa
1472 3028 1592 3087 deducta
1609 3033 1668 3084 esset

369 3148 437 3187 cum
459 3129 527 3210 suis¹
545 3129 727 3207 imaginibus
749 3129 931 3189 Liciniorum
950 3128 1132 3189 Crassorum
1153 3128 1263 3206 Frugi3
1285 3147 1353 3185 nam
1375 3137 1496 3205 praeter
1516 3129 1592 3207 ipsos
1609 3123 1669 3185 Lici·

369 3233 435 3290 nios
458 3228 587 3300 Crassos
613 3231 703 3289 trium
731 3233 869 3309 stirpium
898 3231 1156 3290 nobilissimarum
1182 3229 1327 3287 Pisonum
1349 3228 1461 3306 Frugi,
1489 3230 1668 3307 Pompeiorum

369 3333 558 3410 Magnorum,
581 3329 804 3392 Scriboniorum
823 3332 973 3392 Libonum
995 3339 1063 3408 post
1084 3331 1200 3390 virilem
1222 3327 1417 3407 propaginem
1439 3332 1593 3391 extinctam
1611 3344 1669 3404 quse

369 3432 491 3491 ultimae
514 3431 723 3508 superfuerant
744 3433 824 3492 filiae
846 3434 1028 3495 matrimonii
1048 3434 1113 3491 iure
1134 3434 1165 3492 in
1181 3451 1247 3490 eam
1261 3431 1379 3490 domum
1393 3427 1668 3508 transierautpotuit·

446 3679 469 3744 ¹)
497 3679 564 3746 Opp.
579 3679 605 3742 5,
620 3681 671 3730 301
692 3687 717 3730 et
736 3680 805 3745 apud
823 3681 1011 3746 Nipperdeium
1030 3680 1063 3731 ad
1083 3681 1167 3731 Taciti
1181 3694 1241 3730 ann.
1257 3681 1281 3742 3,
1297 3681 1340 3730 17.
1371 3679 1439 3730 lium
1459 3679 1538 3732 secuti
1555 3683 1607 3730 sunt
1621 3673 1667 3738 Mo

368 3771 487 3836 perdeius
500 3772 517 3821 Ι.
532 3788 554 3822 0.
574 3779 599 3821 et
609 3771 775 3822 Lebmunuus
788 3773 814 3822 in
828 3772 880 3822 tsb.
890 3773 924 3823 V.
950 3772 1111 3824 Differentia
1123 3773 1150 3821 iu
1164 3786 1194 3822 eo
1208 3771 1323 3833 uertitur,
1343 3772 1412 3838 quod
1424 3771 1562 3837 Pompeiae
1573 3766 1667 3819 marium

368 3857 526 3927 Borghesius
544 3864 633 3913 statuit
650 3863 729 3912 fuisse
747 3863 785 3913 M.
805 3864 907 3913 Livium
925 3863 1041 3915 Drusum
1059 3864 1185 3915 Libonem
1205 3865 1334 3913 consulem
1354 3877 1377 3912 a.
1389 3863 1452 3926 739,
1471 3869 1558 3914 ustum
1576 3874 1604 3910 ex
1616 3855 1667 3910 Seri·

368 3953 447 4002 bonio
460 3949 559 4003 Libone
578 3955 674 4018 aliquo,
694 3954 845 4018 adoptatum
864 3969 879 4004 a
898 3954 936 4004 M.
956 3956 1031 4004 Livio
1049 3954 1137 4005 Druso
1151 3954 1294 4005 Claudiano
1313 3960 1386 4018 patre
1404 3953 1496 4006 Liviae
1508 3952 1616 4018 Augusti
1642 3947 1667 3996 M

368 4043 479 4107 primum
497 4042 597 4094 Drusus
615 4045 682 4095 Libo
704 4045 748 4095 1110
767 4046 798 4096 01
818 4046 957 4110 adoptione
976 4047 1074 4096 alienus
1093 4051 1144 4107 est,
1169 4061 1226 4094 cum
1245 4044 1350 4095 Marcus
1367 4045 1422 4109 ipse
1440 4045 1501 4096 item
1520 4045 1549 4095 1..
1567 4043 1584 4093 1.
1600 4035 1667 4106 appel·

368 4135 447 4198 istun
472 4149 532 4186 nam
555 4135 623 4185 Alius
645 4136 780 4200 adoptivus
804 4143 832 4186 ut
855 4151 949 4187 nomen
975 4137 1011 4186 its
1034 4151 1190 4201 praenomen
1214 4150 1230 4186 a
1252 4143 1325 4200 putre
1349 4136 1473 4202 adoptivo
1492 4133 1596 4186 muman
1611 4130 1667 4180 solet

367 4225 471 4276 Deinde
489 4209 554 4292 nuos
572 4227 639 4277 111101
658 4229 712 4276 0101
730 4229 817 4290 posuit
828 4226 985 4292 Borghesius
999 4229 1029 4277 L.
1043 4228 1168 4277 Libonem
1189 4227 1320 4277 consulem
1339 4241 1363 4277 a.
1375 4227 1417 4288 16,
1437 4225 1475 4278 Μ.
1487 4227 1604 4278 Libonem
1615 4221 1666 4270 DN·

367 4332 424 4366 sum
442 4326 585 4381 praetorem
605 4317 696 4368 eodem
716 4332 799 4379 anno,
823 4317 986 4370 Scriboniam
1006 4317 1106 4379 cressi,
1131 4333 1220 4367 omnes
1238 4325 1338 4370 constet
1355 4333 1408 4368 non
1425 4319 1515 4368 Livius
1531 4317 1613 4374 misse,
1633 4305 1666 4360 “⁴¹

367 4408 524 4460 Scribonios.
562 4408 691 4474 Equidem
715 4408 867 4458 crediderim
887 4410 1017 4460 consulem
1039 4424 1063 4459 a.
1078 4410 1132 4459 733
1153 4409 1261 4460 Libonis
1280 4421 1421 4474 cognomen
1441 4409 1550 4460 traxisse
1566 4421 1580 4456 a
1596 4407 1665 4457 Μ

367 4513 433 4561 qaae
457 4515 530 4549 soror
552 4500 632 4551 fuisse
651 4507 737 4564 potest
754 4500 904 4553 Scribonius
927 4501 1052 4564 Augusti,
1077 4507 1222 4565 praetorem
1245 4507 1331 4551 autem
1354 4496 1666 4552 assuescentem

367 4588 509 4640 institutum
529 4605 545 4642 a
564 4592 668 4642 consule
686 4606 711 4642 s.
726 4591 777 4642 739
797 4598 932 4655 propterea
951 4592 1029 4641 Drusi
1048 4606 1191 4656 cognomen
1210 4591 1318 4642 alterum
1337 4592 1485 4642 adscivisse.

444 4676 469 4740 ²)
497 4680 538 4730 cr.
556 4680 693 4733 nmmum
707 4684 733 4744 4,
748 4681 810 4733 sos.
842 4683 921 4733 auce
938 4683 975 4732 rm
993 4684 1065 4735 rocos
1084 4683 1197 4736 Senecae
1216 4684 1366 4747 ep.7o,1o
1385 4689 1411 4732 et
1429 4682 1514 4734 sacru
1532 4669 1664 4735 000111,

367 4783 476 4831 quorum
487 4770 532 4819 ille
545 4775 655 4824 ostendit
664 4773 826 4826 Scriboniam
839 4773 994 4838 superfuisse
1007 4775 1216 4840 ada.16p.Cbr.
1226 4773 1328 4836 =769,
1343 4789 1401 4826 cum
1413 4787 1437 4824 a.
1446 4775 1499 4824 711
1512 4763 1666 4822 eamduxissti
1737 4803 1738 4830 ,

368 4857 464 4908 Caesar
480 4850 594 4924 ‘nuptam
613 4870 689 4915 antea
706 4865 805 4915 duobus
824 4866 1009 4927 consularibus,
1029 4881 1061 4917 ex
1081 4867 1161 4916 altero
1181 4867 1258 4938 etiam
1278 4857 1393 4916 matrem’
1411 4864 1492 4927 (Suet.
1505 4866 1570 4926 Aug.
1582 4857 1628 4918 ⁶2)-

443 4946 468 5009 ³)
495 4948 533 5000 m.
553 4950 619 5003 tuo
638 4956 666 5006 m
684 4956 757 5007 tum
777 4956 947 5007 smismum
967 4958 1000 5008 eu
1019 4959 1055 5008 m.
1074 4959 1145 5021 sept.
1165 4957 1194 5018 (1
1212 4973 1238 5021 p.
1252 4956 1331 5018 402),
1355 4953 1422 5006 mm
1439 4951 1540 5005 mem
1555 4941 1665 5016 ,suarm

368 5036 556 5092 Scriboniorum
575 5045 643 5108 apud
657 5047 775 5098 Tacitum
790 5063 849 5098 ann.
864 5051 890 5110 3,
905 5052 938 5099 37
959 5049 1002 5112 (01.
1022 5065 1043 5100 0.
1059 5051 1107 5099 32:
1126 5063 1156 5098 ne
1175 5049 1232 5114 quta
1250 5045 1399 5098 Scribonius
1415 5049 1590 5114 coenomanis·
1600 5031 1665 5089 Μ’

366 5129 528 5194 ademerat),
554 5131 655 5186 Drama
673 5133 739 5188 Leto
761 5141 829 5204 apuu
848 5141 976 5191 verteram
996 5143 1026 5203 a,
1043 5141 1096 5191 tao
1114 5148 1140 5189 er
1158 5141 1285 5192 senecam
1304 5155 1344 5202 ep.
1359 5140 1403 5200 ro,
1418 5139 1465 5200 10,
1490 5133 1522 5188 ι.
1540 5125 1664 5187 Scitne

364 5218 431 5274 Libo
451 5225 519 5288 apud
538 5226 690 5279 Suetonium
710 5229 768 5282 Tib.
783 5231 817 5282 31
837 5239 863 5282 01
880 5232 994 5284 Dionem
1014 5233 1058 5294 17,
1074 5232 1107 5282 11
1125 5233 1153 5282 in
1171 5232 1338 5296 praenomine
1354 5230 1441 5282 idaea.

1720 5561 1736 5914 i
