3578 5962
501 597 799 653 onseavurrouns
817 598 936 652 nrrca.
951 599 1014 652 xv.
1350 583 1423 655 ast

89 793 132 832 aa
151 792 220 832 vero
241 784 269 832 et
287 774 424 849 quamdiu
450 781 491 832 est
516 775 547 830 ia
573 771 762 848 mapiatratai
789 772 841 831 sed
860 774 955 831 verius
981 783 1037 845 est,
1065 776 1092 831 ai
1112 777 1138 832 is
1163 777 1349 850 mapistrotus
1368 787 1426 848 est,

89 877 145 951 qai
165 878 228 934 eine
242 877 353 952 froude
373 877 404 932 ia
424 878 471 934 ias
492 877 592 933 vocari
611 893 669 934 aea
687 883 789 950 petest,
812 874 1014 949 expectandam
1035 893 1109 947 esse,
1137 878 1234 952 quoad
1256 882 1428 954 maqistrata

89 977 187 1036 adem.
232 976 339 1053 Itaque
360 977 388 1036 si
417 975 558 1035 muheres
585 976 641 1034 hae
663 973 698 1035 0.
721 973 894 1035 Lucretium
920 983 989 1053 post
1013 977 1173 1054 imperium
1198 977 1368 1056 depositum
1394 980 1427 1038 in

92 1079 144 1136 ius
167 1076 344 1136 eduxissent
364 1076 402 1136 ad
425 1086 593 1155 praetorem
612 1077 802 1155 peregrinum
823 1077 998 1137 iniuriarum
1019 1079 1140 1138 nornine
1161 1086 1191 1137 et
1211 1080 1427 1156 recuperatori-

93 1179 154 1238 bus
175 1179 215 1237 ab
237 1198 274 1238 eo
296 1185 434 1256 praetore
463 1178 521 1239 sibi
548 1178 627 1238 datis
649 1177 771 1254 planum
792 1178 934 1238 fecissent
958 1182 1132 1239 contraius
1154 1181 1225 1240 dolo
1248 1182 1328 1240 malo
1349 1200 1368 1240 a
1390 1181 1426 1241 O.

94 1278 241 1339 Lucretio
263 1298 296 1340 sa
310 1282 340 1338 in
356 1299 504 1340 carcerem
519 1280 669 1340 coniectas
688 1298 755 1339 esse
776 1281 889 1339 aliasve
911 1281 1036 1341 iniurias
1057 1282 1212 1359 passas1),
1233 1283 1427 1343 condemnari

91 1400 180 1440 reum
207 1383 347 1459 oportuit.
391 1381 569 1441 Iniuriarum
596 1389 695 1440 autem
721 1381 795 1440 iuris
816 1382 927 1458 privati
948 1383 1094 1442 actionem
1120 1385 1194 1443 iuris
1217 1384 1344 1444 consulti
1365 1403 1427 1443 non

93 1483 238 1560 ignorant
259 1483 408 1560 duplicem
428 1483 532 1556 fuisse,
558 1483 683 1542 alteram
703 1482 877 1559 legitimam,
899 1501 1025 1560 poenam
1047 1484 1206 1544 habentem
1232 1495 1285 1544 aut
1305 1485 1427 1545 talionis

93 1591 148 1642 aut
168 1584 315 1660 pecuniae
337 1593 446 1656 certae,
468 1584 594 1643 alteram
616 1585 752 1643 moribus
774 1584 971 1643 introductam
993 1583 1094 1660 (Paul.
1111 1594 1186 1646 sent.
1207 1605 1267 1646 rec.
1291 1589 1320 1660 5,
1342 1587 1372 1658 4,
1395 1585 1428 1661 7)

93 1691 126 1742 et
153 1684 261 1744 deinde
286 1686 317 1743 in
342 1684 471 1745 edictum
498 1685 646 1762 praetoris
667 1701 817 1761 receptam
839 1687 1083 1747 aestimatoriam.
1126 1688 1175 1746 Ita
1197 1687 1293 1748 Gaius
1316 1689 1344 1761 3,
1369 1685 1430 1745 224

94 1794 258 1862 postquam
289 1784 325 1846 de
357 1787 411 1846 illa
441 1788 518 1846 dixit
543 1788 586 1846 ita
612 1788 723 1864 pergit:
756 1789 806 1846 sed
830 1805 904 1845 aune
931 1789 991 1846 elio
1016 1793 1080 1846 iure
1105 1792 1225 1848 utimar:
1254 1793 1432 1866 permittitur

94 1889 171 1944 enim
184 1887 267 1946 aubis
280 1907 300 1945 a
311 1897 448 1965 praetore
468 1892 540 1964 ipsis
553 1891 691 1947 iniuriam
709 1893 859 1948 aestimare
879 1896 1004 1964 atquae
1024 1900 1197 1965 sequuntur.
1241 1888 1433 1968 Quapropter

93 1987 177 2046 actio
198 1988 412 2048 determinatur
437 1990 468 2047 in
490 1996 611 2050 senatus
633 1991 771 2050 consulto
799 1990 909 2049 additis
933 1989 1033 2048 verbis
1055 1980 1100 2047 iri
1121 1983 1224 2070 ἀξίαν,
1247 1994 1279 2048 in
1300 1995 1431 2050 cesama-

94 2091 208 2148 eonem.
252 2089 326 2149 Inde
351 2091 545 2150 iureconsulti
573 2110 755 2169 quamquam
781 2092 818 2151 da
845 2092 914 2167 ipsa
933 2110 967 2150 re
987 2090 1064 2150 nihil
1084 2091 1252 2165 addiscent,
1280 2091 1432 2167 quantivis

94 2189 211 2249 facient
232 2191 288 2250 boc
313 2191 454 2250 didicisse
479 2193 625 2252 actionem
647 2193 821 2251 iniuriarum
849 2194 1083 2252 aestimatoriam
1110 2193 1178 2269 ipsc
1206 2193 1326 2252 saeculo
1349 2192 1432 2251 urbis

94 2299 187 2350 sexto
211 2291 243 2349 in
272 2307 330 2352 usu
355 2293 458 2352 luisse.
506 2293 619 2353 Rerum
648 2302 747 2354 autem
772 2294 976 2353 Romanarum
1004 2295 1131 2353 studiosi
1157 2294 1200 2354 ita
1224 2295 1433 2352 confirmatum

95 2393 261 2467 habebunt,
286 2395 369 2470 qnod
397 2395 511 2454 dudum
531 2414 623 2456 nosse
649 2404 802 2474 poterant,
831 2396 885 2453 sed
910 2395 1105 2455 nihilominus
1132 2395 1217 2454 multi
1242 2395 1432 2472 ignorabant,

94 2495 221 2554 licuisse
242 2495 400 2572 unicuique
421 2497 484 2557 sire
505 2497 565 2557 civi
586 2497 650 2556 sive
671 2497 829 2575 peregrino
851 2497 1060 2575 magistratum
1082 2507 1204 2575 propter
1224 2497 1273 2569 id,
1301 2495 1380 2574 quod
1401 2496 1433 2555 in

96 2597 277 2674 magistratu
292 2598 499 2670 commisisset,
521 2599 552 2656 in
571 2599 619 2658 ius
633 2617 742 2658 vocare
762 2605 796 2657 nt
809 2597 870 2657 alio
885 2598 997 2658 iudicio
1011 2599 1140 2676 privato,
1162 2599 1206 2658 ita
1226 2597 1299 2656 furti
1313 2615 1434 2674 quoque

96 2705 130 2755 et
150 2697 336 2757 iniuriarum.
373 2696 456 2772 Quid
476 2700 557 2775 quod
577 2700 718 2760 universa
737 2699 969 2776 repetundarum
987 2701 1124 2777 quaestio
1146 2708 1213 2759 orta
1234 2709 1282 2760 est
1302 2719 1341 2759 ex
1362 2699 1435 2758 iurti

97 2797 218 2858 actione
244 2798 292 2858 vel
314 2801 414 2877 potius
441 2819 480 2859 ex
507 2801 693 2860 condictione
713 2802 827 2861 furtiva
852 2801 926 2861 iuris
947 2802 1067 2879 privati.
1094 2834 1132 2846 -
1161 2800 1291 2864 Senatus
1313 2807 1347 2860 ut
1366 2819 1436 2879 per·

97 2899 200 2959 mittat
219 2901 366 2960 eiusmodi
387 2903 535 2962 actionem
556 2902 719 2977 intendere,
746 2921 819 2963 sane
839 2903 920 2980 leges
942 2921 1003 2961 non
1024 2904 1189 2980 requirunt3
1217 2903 1270 2964 sed
1296 2902 1350 2980 qui
1372 2909 1436 2962 tum

96 3011 167 3060 erat
187 3007 284 3062 status
300 3003 345 3062 rei
360 3003 480 3080 publica
494 3004 659 3076 Romanae,
680 3003 827 3063 eiusmodi
842 3003 1011 3062 consultum
1024 3003 1084 3063 nisi
1099 3005 1322 3082 praecessisset,
1344 3003 1436 3062 homo

98 3102 276 3180 peregrinus
301 3124 385 3164 reum
414 3105 528 3164 ordinis
557 3105 700 3164 senatorii
726 3105 756 3163 in
780 3105 925 3164 iudicium
947 3105 1116 3163 vocavisset
1136 3122 1203 3163 cum
1226 3121 1283 3161 sua
1302 3103 1437 3180 pernicie

98 3205 203 3282 potius
224 3223 314 3280 quam
334 3206 428 3266 illius.
472 3207 569 3266 Plane
593 3205 731 3266 similiter
752 3224 832 3264 anno
852 3205 1049 3284 praecedente
1070 3203 1201 3281 Hispani
1222 3203 1286 3262 nixi
1307 3204 1436 3281 genibus

98 3306 138 3364 ab
166 3314 272 3365 senatu
297 3308 458 3384 petierant,
486 3315 519 3366 ut
546 3308 583 3366 de
604 3307 738 3387 pecuniis
760 3309 856 3384 captis
877 3313 1045 3384 praetorem
1070 3305 1103 3364 in
1124 3304 1171 3364 ius
1194 3323 1302 3363 vocare
1323 3305 1437 3376 liceret,

99 3407 193 3484 idque
214 3425 283 3468 cnm
304 3409 558 3486 impetravissent,
580 3410 841 3486 recuperatoribus
857 3407 985 3483 sumptis
1006 3425 1076 3466 eum
1090 3406 1267 3465 damnarant
1288 3403 1368 3481 (Liv.
1384 3404 1436 3477 43,

101 3506 146 3584 2).
170 3541 208 3552 -
234 3509 286 3568 Ad
307 3508 342 3569 0.
364 3509 536 3570 Lucretium
560 3517 595 3569 ut
613 3510 782 3582 redeamus,
805 3527 865 3585 quo
887 3517 1021 3586 tempore
1042 3508 1100 3567 hcc
1122 3515 1245 3566 senatus
1266 3506 1437 3565 consultum

100 3609 283 3684 factumest,
304 3629 407 3670 mense
423 3610 548 3672 Octobri
563 3601 590 3670 a.
606 3611 667 3673 584
681 3611 792 3670 dudum
812 3611 839 3670 is
861 3630 901 3670 ex
915 3608 1093 3669 Macedonia
1105 3607 1250 3680 redieram
1272 3626 1342 3668 nam
1356 3607 1437 3666 iusto

101 3719 239 3788 tempore
254 3729 459 3773 successorem
480 3713 598 3790 accepit
615 3732 671 3772 nec
684 3711 841 3791 probabile
855 3719 902 3772 est
920 3717 992 3788 post
1012 3710 1080 3769 idus
1095 3710 1221 3769 Martias
1240 3729 1267 3768 a.
1283 3709 1354 3782 584,
1376 3725 1437 3786 quo

102 3813 260 3889 imperium
281 3815 397 3873 finitum
419 3824 492 3889 erat,
521 3814 573 3874 diu
591 3833 662 3873 eum
682 3833 738 3892 pro
759 3822 897 3892 praetore
919 3813 1011 3872 classi
1033 3811 1211 3888 praefuisse.
1252 3810 1315 3874 Sed
1335 3811 1437 3889 ipsum

102 3913 225 3974 Livium
241 3933 333 3993 supra
346 3915 475 3975 vidimus
490 3916 602 3977 referre
617 3916 803 3993 aliquamdiu
824 3935 892 3975 eum
906 3915 1034 3975 latuisse
1048 3914 1134 3973 Antii
1149 3913 1227 3972 falso
1248 3920 1437 3985 excusatum,

102 4025 257 4092 tamquam
278 4017 322 4076 rei
344 4017 483 4094 publicae
504 4035 597 4078 causa
618 4018 755 4090 abesset,
784 4025 815 4077 et
835 4027 994 4094 eapropter
1016 4025 1154 4076 senatum
1176 4033 1297 4076 causam
1319 4012 1438 4074 Chalci-

101 4117 242 4177 densium
263 4118 434 4196 ampliasse,
456 4120 551 4178 donec
565 4118 693 4178 adesset
728 4116 813 4192 Quae
835 4118 936 4176 omnia
957 4119 1047 4176 etiam
1069 4118 1107 4176 sd
1123 4116 1344 4176 Thisbaeorum
1364 4131 1436 4189 que-

102 4221 249 4280 rimonias
270 4227 350 4280 recte
370 4220 536 4281 referemus
557 4220 624 4280 sine
644 4219 736 4278 dubio
758 4219 847 4278 simul
867 4217 931 4277 fere
950 4225 1104 4277 tractatas.

187 4320 294 4398 Capite
315 4322 429 4381 decimo
450 4322 494 4400 (v.
518 4320 655 4397 53-56)
681 4321 781 4398 agitur
800 4319 838 4378 de
859 4319 1003 4377 societate
1023 4316 1164 4376 frumenti
1189 4322 1231 4388 et,
1256 4321 1290 4375 nt
1309 4313 1437 4386 videtur,

104 4424 176 4495 olei,
199 4441 278 4500 qnae
299 4422 459 4484 Thisbaeis
479 4423 572 4483 fuerit
592 4441 659 4482 cum
681 4421 786 4482 Gnaeo
811 4419 931 4478 bomine
953 4417 1137 4489 Pandosino,
1158 4415 1190 4474 id
1211 4425 1268 4489 est,
1290 4421 1323 4474 ut
1344 4431 1439 4490 supra

104 4545 136 4604 p,
152 4525 212 4586 289
228 4525 367 4599 vidimus,
384 4525 499 4586 Italico.
533 4524 668 4588 Societas
682 4542 719 4582 ea
735 4523 817 4600 (nam
839 4521 902 4579 alia
919 4537 967 4578 res
982 4518 1128 4578 vocabulo
1142 4517 1222 4594 quod
1244 4523 1291 4576 est
1311 4505 1438 4572 κοινωνία

106 4627 271 4706 significari
295 4646 355 4685 non
375 4628 488 4705 potuit)
509 4628 580 4687 talis
600 4627 664 4686 fere
684 4625 751 4698 suit,
773 4623 894 4701 qualem
914 4620 1056 4680 describit
1075 4619 1224 4697 Ulpianus
1247 4617 1321 4695 (dig.
1343 4614 1437 4689 17,2.

107 4730 159 4803 52,
180 4729 224 4807 2),
245 4729 296 4789 nbi
318 4747 420 4805 optram
435 4729 557 4808 petitori
578 4731 679 4790 damas
701 4731 732 4786 ia
754 4743 895 4786 commane
916 4725 1087 4799 quaerendis
1101 4721 1262 4800 sraetibaa3
1285 4737 1362 4797 quae
1384 4736 1438 4795 po·

105 4833 228 4894 litiones
243 4830 395 4909 quomodo
416 4830 481 4892 fieri
502 4831 640 4905 debeant,
661 4827 737 4890 Cato
752 4828 790 4887 de
810 4812 1017 4886 rerust.136.
1036 4823 1093 4882 137
1116 4830 1239 4883 enarrat
1253 4821 1304 4900 (ci.
1318 4820 1438 4881 Plinius

107 5025 313 5038 μ’*

187 5149 211 5211 ¹)
235 5148 278 5200 De
296 5155 385 5214 stupro
404 5147 547 5199 Foucartus
565 5148 670 5214 cogitat,
689 5157 773 5209 neque
791 5141 819 5194 id
837 5141 991 5193 iniuriarum
1009 5141 1110 5194 actione
1128 5153 1182 5193 nou
1201 5133 1437 5206 comprehenditur3

107 5242 155 5294 sed
175 5255 220 5294 cur
238 5241 272 5293 de
290 5255 321 5294 ea
339 5240 433 5294 iniuria
452 5240 614 5306 potissimum
632 5237 780 5304 cogitemus,
801 5248 878 5288 causa
897 5234 968 5286 nuilla
986 5239 1033 5286 est.
