3582 5956
577 608 745 662 uvunuus
763 607 1004 662 cousvuasm.
1384 596 1456 669 193

124 785 202 844 lium
224 785 295 843 anni
309 782 365 857 tt,
392 802 458 843 cum
484 783 639 842 nominent
663 801 766 844 mense
787 783 886 862 Aprili
901 783 1123 860 Vespasianum
1143 786 1223 864 Aug.
1245 787 1324 862 1111,
1355 789 1457 850 Titum

126 885 291 946 Gaesarem
312 886 344 946 11
369 884 525 957 consules,
554 903 658 946 mense
682 885 764 945 Maio
792 883 826 945 O.
854 885 1003 944 Licinium
1032 886 1204 948 Mucianum
1224 889 1289 965 III,
1320 891 1357 951 T.
1387 891 1458 951 Fla-

125 988 209 1048 vium
231 986 376 1049 Sabinum
390 988 433 1060 II,
455 996 488 1048 ut
509 988 651 1048 ducamur
671 987 715 1046 ita
735 988 774 1046 ad
794 987 927 1048 nundina
947 987 1012 1048 eius
1034 989 1104 1048 anni
1125 992 1365 1067 quadrimestria,
1387 995 1458 1054 licet

124 1109 196 1150 cum
216 1090 357 1151 consules
380 1089 523 1150 ordinarii
544 1089 606 1150 sint
626 1089 687 1168 lpsi
707 1089 912 1168 Imperatores,
935 1091 1046 1167 opponi
1066 1093 1165 1170 possit
1186 1113 1239 1154 eos
1257 1103 1327 1154 ante
1341 1103 1459 1172 tempus

126 1201 275 1252 statutum
301 1193 398 1254 fasces
425 1192 574 1271 deponere
600 1192 746 1271 pctuIsse.
788 1190 999 1252 Nundinorum
1028 1202 1126 1253 autem
1150 1195 1336 1257 bimestn'um
1357 1212 1458 1258 exem*

125 1295 214 1374 plum
242 1295 360 1355 videtur
388 1294 531 1370 praebere
558 1294 725 1364 cancell,
754 1311 813 1371 quo
841 1293 940 1354 fasces
965 1293 1132 1354 ordInarius
1161 1316 1229 1356 cum
1257 1300 1461 1375 suscepissent

126 1395 340 1473 Vespasianus
358 1395 408 1454 ΙΙΙ
437 1403 468 1456 et
493 1396 533 1455 M.
561 1393 707 1456 Cocceius
732 1393 850 1468 Nerva,
875 1395 963 1456 nonis
989 1396 1147 1473 Aprilibus
1175 1401 1315 1460 consules
1340 1400 1461 1461 suerunt

126 1498 324 1560 Domitianus
350 1507 380 1558 et
406 1496 462 1559 On.
487 1496 601 1558 Pedius
629 1495 745 1558 Gascus
771 1496 847 1574 (tab.
870 1498 940 1558 hon.
960 1499 1043 1559 miss.
1070 1501 1130 1560 vol.
1151 1501 1214 1574 III,
1232 1501 1345 1580 VIII),
1374 1523 1402 1563 a.
1430 1505 1460 1563 d.

126 1601 193 1660 VII
208 1600 355 1660 kalendas
368 1599 464 1660 Iulias
477 1600 555 1659 idem
569 1599 762 1660 Domitianus
777 1607 807 1659 et
820 1599 960 1662 Valerius
975 1599 1085 1662 Festus
1108 1603 1198 1678 (Mar.
1217 1603 1300 1679 129),
1322 1606 1460 1682 denique,

128 1703 157 1763 si
179 1702 217 1763 dc
238 1720 317 1761 auno
338 1709 418 1762 recte
438 1701 580 1762 iudicarit
599 1702 787 1782 Borghesius
810 1700 967 1778 (Gtorrrule
987 1704 1088 1766 arcad.
1112 1704 1190 1763 1831
1214 1706 1291 1766 ubl
1313 1726 1342 1785 p.
1359 1707 1397 1766 72
1420 1733 1457 1758 =

126 1823 200 1882 opp.
217 1805 286 1881 3p.
303 1804 379 1883 343)
401 1822 428 1863 a.
450 1803 479 1863 d.
494 1803 577 1864 XIII
598 1803 744 1865 kalendas
759 1805 914 1883 Augustas
936 1803 973 1864 L.
991 1804 1118 1865 Flavius
1134 1805 1269 1866 Fimbria
1290 1817 1320 1866 et
1341 1807 1376 1868 O.
1393 1809 1461 1868 Ati-

126 1907 189 1966 lius
211 1906 365 1968 Barbarus
386 1906 434 1984 (l,
451 1905 536 1982 773).
579 1905 691 1967 Primis
717 1906 809 1983 Igitur
834 1923 891 1965 sex
913 1906 983 1965 anni
998 1906 1036 1965 71
1060 1906 1215 1969 mensibus
1238 1911 1460 1986 praeruptius

127 2009 227 2087 cipes,
254 2009 306 2087 qui
332 2009 370 2070 de
395 2027 450 2069 suo
473 2007 598 2068 arbitrio
620 2007 806 2068 consulatum
829 2007 1014 2067 retinuerunt
1035 2007 1291 2085 deposueramus,
1321 2011 1461 2072 consules

127 2113 276 2172 habemus
297 2109 443 2184 Nervam,
466 2108 610 2183 Caecum,
632 2107 774 2182 Festum,
800 2109 844 2167 ita
870 2117 903 2168 ut
927 2109 1061 2169 nundina
1086 2117 1150 2169 tum
1176 2110 1331 2171 blmcstria
1350 2113 1463 2173 fuerint

129 2231 258 2274 necesse
278 2213 326 2272 sit.
920 2285 923 2292 Δ

214 2315 263 2375 De
283 2314 390 2374 ceteris
401 2312 581 2390 Vespasiani
603 2312 688 2372 aunis
710 2320 771 2373 tam
793 2321 905 2373 certum
927 2313 1071 2373 iudicium
1092 2314 1162 2373 lerri
1177 2333 1238 2374 non
1253 2321 1361 2392 potest.
1395 2314 1462 2376 Neo
1554 2352 1558 2360 ·

130 2417 230 2494 magis
251 2434 330 2475 anno
346 2416 386 2476 80
408 2424 483 2493 quot
502 2414 612 2475 luerint
633 2415 768 2474 nundina
789 2414 975 2488 consularia,
1003 2415 1078 2475 satis
1099 2416 1200 2493 liquet.
1243 2416 1369 2477 Praeter
1390 2436 1462 2476 con-

128 2520 215 2580 sules
241 2536 348 2594 nempe
376 2517 546 2577 ordinarios
574 2515 676 2588 Titum
702 2527 732 2578 et
758 2516 964 2577 Domitianum
991 2517 1090 2576 idibus
1117 2517 1214 2577 Iuniis
1242 2518 1380 2578 consules
1408 2537 1462 2595 po·

129 2627 244 2681 uuutur
265 2618 301 2681 O.
324 2618 439 2678 Marius
461 2619 623 2678 Marcellus
645 2618 789 2679 Octavius
811 2618 846 2677 Ρ.
869 2616 997 2679 cluvius
1017 2618 1116 2679 Rufus
1137 2629 1167 2679 et
1187 2620 1223 2679 L.
1245 2619 1354 2680 Aelius
1371 2619 1462 2679 Plau-

128 2724 194 2783 tius
219 2721 327 2781 Lamia
355 2720 502 2780 Aelianus
530 2721 608 2796 (tab.
637 2720 708 2780 bon.
736 2721 820 2780 mles.
853 2720 913 2781 vol.
933 2719 997 2795 III,
1021 2719 1104 2796 XI),
1138 2721 1282 2780 Aelianus
1309 2731 1465 2798 praeterea

128 2824 182 2884 die
207 2842 267 2882 non
293 2831 397 2882 notato
421 2822 562 2882 laudatur
587 2841 655 2882 cum
675 2821 852 2884 Pactumeiu
873 2821 1027 2882 Frontone
1050 2821 1120 2898 (au.
1141 2822 1245 2882 Arval.
1266 2822 1356 2882 huius
1378 2823 1463 2899 anni)

128 2927 184 3003 qui
206 2925 288 2984 Rufo
308 2924 452 2984 suffectus
474 2924 523 2983 sit'
534 2941 659 2984 necesse
674 2931 729 2984 est.
763 2922 824 2984 Die
837 2923 966 3000 denique
976 2923 1040 2983 VII
1053 2923 1123 2984 idus
1136 2923 1322 2984 Decembres
1338 2923 1380 2982 M.
1396 2923 1462 2984 Tit-

129 3029 206 3087 tium
221 3025 326 3105 FrugI,
338 3025 375 3085 T.
396 3025 547 3085 Viuicium
561 3025 712 3085 Iulianum
732 3024 872 3085 consules
893 3025 1037 3085 habemus
1058 3024 1130 3102 (act.
1145 3027 1250 3085 Arval.
1266 3025 1353 3084 huius
1368 3025 1464 3101 anui),

130 3129 186 3206 qui
208 3145 268 3204 quo
289 3127 338 3188 dle
358 3126 480 3186 inierint
499 3126 645 3187 Incertum
667 3136 722 3186 est.
738 3159 777 3170 -
801 3127 846 3185 At
865 3143 926 3204 quo
948 3126 1037 3186 modo
1058 3125 1130 3184 fasti
1151 3127 1222 3185 anni
1237 3127 1274 3185 81
1299 3126 1463 3204 comparati

129 3229 245 3290 fuerint
269 3229 359 3308 plane
386 3229 574 3309 perspIcitur.
624 3230 704 3288 Acta
730 3227 809 3287 enim
837 3228 964 3286 fratrum
990 3226 1147 3286 Arvalium
1176 3225 1266 3284 huius
1295 3227 1366 3285 anni
1393 3245 1465 3286 con·

133 3331 219 3392 sules
241 3331 386 3391 exhibent
406 3329 478 3390 bos:
1456 3341 1458 3348 ’

218 3433 267 3492 ΙΠ
292 3451 387 3492 nouas
414 3432 574 3492 Ianuarias
604 3430 641 3490 L.
674 3429 813 3490 Flavium
847 3427 961 3492 Silvam
988 3427 1120 3490 Nouium
1147 3428 1295 3501 Bassum,
1327 3427 1465 3488 Asinium

340 3533 511 3595 Polli0uem
525 3533 742 3606 Verrucosum3

221 3635 286 3695 ΙΙΙΙ
308 3634 453 3696 kalendas
468 3636 592 3715 Apriles
613 3635 654 3693 M.
676 3633 820 3695 Roscium
843 3631 990 3706 Coelium,
1012 3630 1048 3692 C.
1070 3630 1189 3691 Iunium
1211 3631 1399 3704 Iuvenalem

222 3738 270 3798 III
289 3737 358 3813 idus
379 3737 477 3797 Maias

220 3838 300 3897 XVI
321 3839 468 3900 kalendas
493 3838 597 3897 Iunias

218 3939 329 3999 XVIII
348 3941 496 4001 kalendas
514 3939 660 4000 Octobres
681 3940 722 4000 M.
743 3937 919 3999 Petronium
933 3937 1123 4013 Umbrinum,
1144 3937 1180 3997 L.
1197 3935 1384 3998 Carminium
1404 3935 1466 3995 Lu·

342 4041 509 4102 sitanicum.

136 4144 224 4205 llaec
248 4143 382 4204 nundina
402 4150 528 4220 apparet
548 4145 703 4204 bimestris
723 4144 831 4216 luisse,
858 4152 892 4202 ut
914 4142 1031 4202 Bassus
1053 4149 1083 4200 et
1103 4141 1292 4200 Verrucosus
1316 4139 1467 4199 mensibus

137 4245 278 4306 Ianuario
299 4254 330 4304 et
343 4243 521 4318 Februario,
543 4243 667 4306 Coelius
688 4254 718 4304 et
732 4244 884 4304 Iuvenalis
906 4243 1059 4302 mensibus
1075 4241 1185 4301 Martio
1207 4248 1237 4302 et
1252 4240 1362 4316 Aprili,
1383 4239 1469 4296 Mou-

136 4359 227 4408 tauus
254 4356 285 4407 et
304 4328 432 4406 Paullus
454 4345 606 4407 mensibus
628 4347 710 4407 Maio
732 4354 762 4404 et
783 4343 871 4404 Iunio
897 4345 1073 4423 magIstratu
1093 4344 1295 4420 iungerentur.
1339 4337 1471 4398 Constat

137 4450 232 4528 igitur
258 4466 376 4509 menses
398 4466 452 4509 sex
475 4448 591 4526 priores
617 4449 649 4506 iu
671 4447 805 4507 nundina
825 4447 885 4505 tria
904 4446 1018 4505 divisos
1039 4444 1144 4504 fulsse.
1187 4440 1380 4518 Quapropter
1401 4458 1469 4498 cum

137 4559 255 4612 ceteros
276 4567 394 4611 meuses
416 4569 475 4610 non
497 4549 586 4609 aliter
606 4549 771 4627 dispositos
792 4548 886 4609 luisse
907 4547 969 4607 reri
991 4545 1090 4606 simile
1111 4543 1165 4617 sit,
1191 4543 1338 4604 Umbrinc
1359 4548 1389 4599 et
1407 4540 1470 4599 Lu-

644 3787 681 3848 T.
703 3786 822 3846 Iunium
845 3786 1030 3856 Montanum,
1051 3783 1087 3844 L.
1104 3783 1238 3844 Vettium
1258 3784 1416 3856 Paullum3

139 4653 268 4712 sitanicc
299 4669 419 4711 menses
447 4649 650 4730 Septembrem
683 4661 714 4710 et
740 4649 904 4711 Octobrem
936 4648 1110 4708 tribuemus.
1158 4644 1281 4704 Menses
1314 4641 1409 4702 lulius
1441 4651 1471 4703 et

139 4757 314 4832 Augustus,
348 4753 419 4812 item
447 4751 619 4813 November
651 4771 686 4812 ac
711 4751 879 4812 December
911 4750 969 4811 duo
1002 4749 1063 4809 alia
1094 4745 1247 4806 effecerint
1273 4761 1397 4804 necesse
1424 4753 1472 4803 est

140 4855 276 4915 nundina
295 4855 459 4914 bimestris.

228 4957 358 5016 Etiamsi
378 4955 422 5014 ita
442 4955 502 5015 iam
524 4973 560 5015 eo
581 4955 701 5016 saeculo
721 4955 871 5016 Interdum
891 4955 924 5013 in
945 4953 1034 5013 binos
1056 4965 1174 5011 menses
1195 4947 1294 5008 fasces
1315 4945 1377 5006 dati
1394 4951 1473 5017 sunt,

140 5059 192 5119 vel
212 5057 389 5119 Domitiano
410 5057 578 5134 imperante
598 5057 774 5135 plerumque
799 5055 1033 5133 quadrimestres
1059 5051 1234 5112 consulatus
1254 5048 1381 5108 fuerumt.
1423 5045 1474 5104 Ex

141 5162 243 5221 annis·
258 5161 338 5222 enim
365 5160 431 5219 cius
459 5159 613 5230 omnibus,
641 5177 767 5236 quorum
789 5163 930 5217 accurata
950 5154 1057 5216 notitia
1078 5161 1232 5232 superest,
1259 5157 1378 5228 praeter
1397 5164 1475 5220 eum,

143 5263 181 5321 de
203 5282 264 5341 quc
286 5261 430 5335 dumus,
452 5258 489 5319 81
515 5261 597 5322 solus
618 5261 657 5322 88
680 5261 710 5320 in
732 5258 867 5321 nundina
885 5255 1040 5320 bimestris
1060 5255 1177 5318 videtur
1198 5252 1376 5314 distributus
1397 5265 1473 5308 esse.
