3582 5956
395 589 468 662 030
598 642 603 649 .
687 563 708 586 ’
993 598 1139 653 roenna

397 800 459 842 non
473 797 564 857 posse
586 784 721 854 apparet,
742 775 854 852 quippe
875 791 964 850 quem
986 778 1015 831 et
1029 772 1146 832 Plinius
1166 772 1246 831 idem
1269 770 1402 848 (7,140)
1425 776 1554 849 optinum
1572 782 1680 832 oranren

398 891 484 942 vocet
504 892 533 938 et
553 860 647 937 inisse
668 876 719 935 alii
742 884 897 934 testentur.
939 873 1086 932 dedicavit
1107 874 1198 951 igitur
1219 871 1297 950 Opis
1320 873 1451 948 opiferae
1472 873 1569 932 aedem
1586 872 1616 931 L.
1634 875 1680 933 lle·

398 983 488 1043 tellus
516 980 605 1051 alter,
634 996 723 1055 quem
743 976 888 1035 Bardtius
915 972 958 1051 (p.
982 975 1000 1033 7
1023 972 1063 1048 s.)
1090 974 1167 1032 inter
1195 991 1290 1033 annos
1317 974 1374 1032 631
1403 981 1433 1031 et
1461 974 1519 1032 640
1543 974 1681 1050 pontificem

398 1083 562 1144 maximum
582 1080 693 1138 factum
715 1095 782 1137 esse
808 1087 838 1135 et
858 1075 1026 1134 decessisse
1046 1074 1126 1132 circa
1147 1093 1174 1133 a.
1198 1074 1258 1134 654
1280 1073 1505 1134 demonstravit
1544 1085 1632 1133 notum
1649 1090 1682 1132 est
1752 1134 1753 1138 ,

399 1185 525 1245 eundem
541 1180 677 1240 Castoris
699 1179 802 1237 aedem
825 1178 863 1236 ad
876 1176 974 1236 iorum
995 1176 1032 1234 de
1046 1175 1185 1234 manibiis
1200 1175 1376 1234 Dalmaticis
1399 1174 1594 1250 (triumphavit
1608 1187 1682 1233 autem
1752 1167 1753 1182 ¹

399 1289 434 1346 de
448 1286 605 1344 Delmatet'e
620 1300 647 1339 a.
663 1278 737 1354 637)
760 1279 902 1338 resectam
923 1276 1081 1335 dedicasse
1103 1275 1180 1351 (010.
1195 1276 1225 1334 10
1241 1274 1328 1334 Verr.
1346 1275 1440 1347 1,59‚
1464 1276 1520 1334 154
1534 1293 1583 1351 pro
1596 1272 1683 1334 Sunio

399 1387 439 1446 46
462 1405 529 1445 curn
550 1381 674 1443 scholiis
696 1379 844 1455 Asconii).
876 1396 953 1453 quae
974 1395 1023 1436 res
1045 1377 1147 1436 nescio
1168 1394 1207 1434 en
1229 1377 1356 1435 alicuius
1375 1377 1515 1434 momenti
1536 1393 1595 1434 esse
1612 1377 1683 1450 possit

400 1489 439 1550 ad
460 1482 660 1562 indagandam
675 1479 817 1556 Opiierae
839 1478 922 1538 aedis
944 1478 983 1536 ab
1003 1477 1109 1536 eodem
1129 1496 1149 1535 a
1169 1477 1246 1550 solo,
1268 1486 1301 1536 ιιι
1314 1477 1491 1552 putaverim,
1512 1476 1683 1536 lactassedeu

400 1585 609 1665 indagandam.
653 1588 770 1639 constat
791 1580 934 1638 Iuturnae
959 1578 1218 1655 nympharamque
1239 1585 1340 1655 partes
1362 1577 1507 1653 quasdam
1534 1575 1683 1654 00001610-

400 1687 498 1748 vando
529 1684 687 1743 mulierum
713 1687 802 1758 partu
831 1680 1044 1754 Iuturnamque
1076 1698 1095 1737 e
1120 1677 1255 1738 Varrone
1287 1696 1306 1735 a
1330 1679 1462 1738 iuvando
1489 1695 1587 1754 aegros
1610 1677 1683 1753 putari

403 1790 526 1847 dictam:
548 1785 647 1842 lecum
667 1789 766 1841 eutem
779 1781 918 1839 Iuturnae
938 1779 1027 1838 huius
1043 1779 1175 1856 opiferae
1196 1786 1230 1836 ut
1242 1779 1286 1838 ita
1300 1779 1396 1837 dicam
1411 1797 1500 1837 nemo
1514 1780 1600 1838 nescit
1616 1778 1685 1835 luisse

401 1899 471 1968 post
491 1886 595 1945 eedem
610 1882 758 1954 Castoris,
779 1889 813 1940 ιιι
836 1880 923 1938 facile
949 1880 1017 1956 quis
1039 1880 1150 1938 dixerit
1169 1880 1325 1938 Metellum
1350 1887 1422 1957 post
1444 1899 1471 1937 e.
1494 1879 1549 1937 637
1571 1897 1621 1937 aaa
1637 1897 1685 1936 cun

400 1992 458 2049 hae
478 1987 552 2047 aede
572 1984 727 2043 dedicasse
747 1980 851 2040 aedem
878 1979 936 2055 Opi
956 1978 1110 2055 episoma)
1129 1979 1134 2056 Ι
1159 1979 1213 2054 [aa
1233 1981 1326 2038 lacum
1345 1979 1500 2055 Iuturnae]
1520 1979 1565 2038 vel
1582 1979 1685 2055 [Diutur-

400 2091 478 2166 nae],
501 2105 577 2165 qnae
595 2085 688 2143 verba
708 2083 820 2159 optime
841 2080 1021 2139 conveniant
1040 2096 1196 2138 mensurae
1216 2079 1311 2156 partia
1332 2080 1444 2158 lepidis
1459 2081 1623 2157 deperditae.
1648 2078 1686 2138 aed

401 2193 441 2252 ad
462 2189 590 2250 certiore
609 2200 711 2262 pergo.

485 2289 579 2350 Sacro
606 2283 750 2362 Opiferee
781 2300 857 2360 qnae
888 2281 1106 2357 praecedebant
1131 2279 1292 2340 Henzenus
1319 2291 1349 2341 et
1375 2281 1577 2340 Mommsenue
1599 2280 1686 2357 egregie

401 2396 444 2454 sic
464 2391 670 2450 restituerunt:
692 2383 816 2443 Volcano
836 2382 841 2460 Ι
860 2382 904 2458 [in
924 2387 1000 2441 circo
1016 2381 1200 2457 Flaminio),
1219 2383 1360 2442 Iuturnae
1374 2393 1401 2441 et
1412 2383 1555 2460 nymp]lir
1569 2386 1596 2441 e'n
1607 2399 1687 2456 canpe.
1756 2403 1757 2430 ι

401 2496 438 2553 de
460 2489 657 2568 nympharum
683 2501 769 2544 sacro
796 2503 858 2542 non
885 2483 1053 2554 constabat,
1085 2484 1242 2541 constabat
1267 2484 1307 2542 de
1325 2483 1463 2542 Volcano
1488 2485 1619 2542 fastorum
1634 2481 1688 2538 Val-

401 2593 531 2654 lensium
558 2585 743 2646 testimonio:
772 2585 898 2644 Volcano
923 2588 954 2641 ιίι
981 2588 1057 2643 circo
1081 2583 1238 2643 Flaminio.
1281 2584 1416 2644 meminit
1442 2585 1530 2644 hrains
1550 2583 1636 2659 templi
1650 2579 1688 2640 Li·

401 2695 468 2752 vius
490 2707 557 2748 cum
578 2689 655 2744 inter
676 2685 815 2763 prodigia
833 2703 859 2742 a.
876 2684 936 2744 538
958 2684 1073 2743 rettulit
1094 2683 1228 2761 (1410)
1250 2693 1329 2744 tacta
1350 2686 1384 2744 de
1405 2686 1486 2746 caelo
1508 2689 1604 2743 atrium
1618 2681 1688 2759 palli·

402 2812 464 2853 cunt
490 2794 520 2847 in
550 2785 704 2861 Capitolio,
732 2786 829 2844 aedem
859 2788 890 2843 a'n
921 2803 1020 2861 campo
1050 2785 1180 2845 Vulcani.
1221 2786 1254 2843 in
1285 2786 1415 2845 confinio
1448 2787 1539 2864 igitar
1565 2784 1647 2861 campi
1669 2789 1690 2839 et

401 2889 546 2952 Flaminii
566 2886 637 2945 circi
654 2885 757 2944 eedem
773 2886 902 2963 positam
917 2885 1009 2945 fuisse
1024 2885 1151 2946 coniecit
1164 2887 1331 2946 Mommsen
1345 2887 1423 2963 Epi.
1439 2890 1467 2962 1,
1484 2888 1531 2946 36.
1561 2885 1691 2953 Βιιιιιιι,

402 2994 454 3070 qui
468 2989 549 3048 Livii
563 2987 663 3046 verbis
676 3003 749 3046 usus
764 2995 811 3045 est
828 3006 858 3063 p.
874 2984 944 3059 287,
965 2996 1073 3063 postea
1090 3006 1120 3065 p.
1137 2986 1198 3047 620
1219 3006 1320 3047 eorum
1341 2989 1499 3048 immemor
1518 2989 1583 3048 fuit:
1602 2983 1692 3063 negant
1758 2966 1759 3044 3

401 3095 480 3154 enim
490 3091 600 3150 iniuria
613 3087 715 3148 aedem
731 3088 763 3144 in
777 3087 857 3146 circo
867 3085 1019 3146 Flaminio
1033 3097 1152 3165 praeter
1164 3087 1366 3164 hemerologia
1379 3090 1548 3148 memorari.
1567 3097 1595 3148 at
1605 3100 1692 3155 omne,

400 3196 461 3254 nisi
481 3192 579 3263 fallor,
606 3187 694 3248 obliti
718 3197 788 3247 sunt
809 3186 975 3260 Ciceronis,
1001 3188 1052 3265 qui
1080 3189 1111 3246 in
1132 3186 1269 3246 Verrinis
1296 3189 1362 3247 loco
1384 3191 1541 3250 anemius
1566 3207 1618 3248 uon
1634 3188 1691 3245 lecto

402 3294 432 3366 2,
456 3294 505 3364 61,
529 3291 585 3350 151
616 3289 695 3366 quid,
716 3288 825 3365 inquit,
851 3298 963 3347 statuae
984 3300 1124 3365 equestres
1145 3293 1299 3348 inauratae
1318 3289 1424 3361 colunt,
1455 3310 1529 3367 quae
1545 3289 1635 3368 populi
1650 3287 1692 3345 lle

399 3397 479 3454 mant
510 3393 606 3450 oculos
638 3392 803 3466 animaeque
833 3394 952 3449 maante
978 3390 1123 3464 offendunt
1151 3401 1270 3466 propter
1294 3392 1392 3448 aedem
1419 3389 1559 3451 Vulcani?
1586 3409 1643 3448 nan
1661 3391 1692 3444 ia·

401 3499 537 3570 scriptum
558 3483 617 3549 esee
637 3491 719 3548 01600
741 3491 887 3565 quandam
906 3508 939 3548 en
954 3491 999 3548 bie
1014 3499 1137 3550 uuluam
1151 3501 1281 3550 aratores
1294 3491 1406 3549 dedisce
1426 3501 1459 3550 et
1479 3485 1691 3560 detruserat

400 3595 489 3655 Verri
508 3592 580 3650 dicit
601 3609 662 3648 non
682 3607 774 3667 posse
795 3590 885 3682 fidem
906 3590 1010 3650 haberi
1025 3589 1194 3650 Siculorum
1215 3609 1248 3650 se
1266 3598 1456 3650 contemnere
1476 3591 1692 3653 existimationem

401 3692 581 3755 autumanti:
614 3693 739 3765 eupiunt
771 3693 842 3748 enim
870 3692 921 3749 tibi
951 3695 1037 3751 iatam
1062 3695 1216 3752 orationem
1241 3734 1249 3751 .
1273 3735 1280 3750 .
1304 3734 1312 3750 .
1338 3702 1452 3752 statuae
1479 3694 1548 3754 illae
1572 3699 1693 3769 00000οι

403 3813 475 3872 quas
499 3803 529 3851 tu
540 3792 631 3868 paulo
654 3799 719 3848 ante
732 3809 818 3866 quana
839 3793 881 3850 ad
900 3793 996 3852 urbem
1017 3797 1127 3852 veniree
1145 3797 1218 3869 poni
1237 3793 1409 3870 inscribique
1425 3799 1546 3868 iueeieti,
1559 3803 1588 3852 ut
1600 3794 1693 3852 ιιιιιιιιι

401 3900 562 3970 iniquorum
595 3901 707 3948 tuorum
739 3893 848 3950 animoa
881 3901 1132 3970 accusatorumque
1163 3897 1306 3954 mrdaree.
1354 3895 1407 3970 qui
1445 3895 1533 3954 huius
1564 3887 1695 3953 arenarii

400 3995 545 4054 rationem
571 3991 684 4050 nullam
713 3990 881 4050 babuerunt
905 3994 1007 4052 nescio
1032 3994 1085 4053 ubi
1111 4002 1226 4054 statuas
1253 3995 1323 4054 illas
1345 3995 1449 4072 populi
1470 3995 1596 4055 Romani
1613 3989 1694 4051 oculos

400 4094 560 4155 offendisse
580 4091 773 4150 crediderint:
799 4109 838 4149 an
854 4091 1022 4169 Syracusis,
1043 4095 1094 4153 ubi
1115 4113 1153 4153 ne
1175 4102 1293 4154 constat
1314 4096 1433 4171 quidem
1452 4089 1604 4172 Ἡφαίστου
1622 4092 1694 4150 inisse

399 4196 503 4257 aedem
530 4193 572 4270 (v.
594 4192 698 4262 Halm,
729 4191 895 4252 Gnclicltte
916 4194 1048 4253 Siciliane
1073 4197 1088 4252 1
1112 4215 1141 4272 p.
1157 4194 1251 4271 395st
1283 4213 1339 4273 ego
1366 4197 1414 4255 bis
1441 4195 1611 4256 testimoniis
1632 4207 1693 4250 oom-

399 4296 521 4375 probari
549 4294 650 4367 video,
683 4291 839 4356 Ciceronis
871 4303 1004 4372 tempore
1030 4295 1145 4355 Romm
1173 4296 1278 4355 aedem
1309 4297 1448 4356 extitisse
1476 4297 1600 4358 Vulcani
1625 4307 1695 4350 unam

400 4399 507 4470 solam,
535 4396 648 4454 factam
674 4402 744 4452 ante
770 4412 797 4452 a.
821 4394 881 4454 538
908 4399 939 4453 ιἰι
959 4414 1059 4471 campo
1080 4396 1144 4455 sive
1165 4400 1196 4455 in
1216 4401 1291 4456 circo
1312 4396 1472 4470 Flaminio,
1494 4397 1603 4456 nnllam
1620 4392 1694 4451 inisse

398 4499 430 4558 ia
450 4515 522 4557 eree
541 4494 671 4556 Volcani
698 4493 736 4550 ad
762 4495 924 4568 comitium,
951 4495 983 4553 id
1009 4495 1088 4571 quod
1114 4497 1280 4556 rectissime
1307 4497 1412 4556 statuit
1431 4497 1583 4557 Beckerus
1601 4489 1693 4571 plssi·

398 4597 554 4656 Plutarchi
580 4597 658 4656 enim
681 4596 860 4656 auctoritate
881 4597 956 4656 mire
976 4597 1087 4656 abusus
1110 4606 1158 4656 est
1178 4597 1381 4670 Detleisenus,
1410 4617 1477 4658 cum
1499 4597 1580 4658 eedia
1599 4591 1695 4654 eumin

399 4694 557 4756 Vulcanali
577 4697 674 4756 iactae
695 4704 726 4756 et
745 4704 854 4771 postea
874 4697 1010 4757 sublatae
1031 4698 1211 4758 mentionem
1231 4698 1330 4757 faeere
1352 4699 1410 4759 sibi
1429 4699 1579 4777 persuasit
1594 4689 1696 4772 (aaut

402 4795 482 4855 1860
504 4815 533 4871 p.
550 4796 633 4872 149).
669 4795 808 4856 nimirum
824 4795 1042 4872 Quaestionum
1062 4799 1100 4858 R.
1116 4799 1196 4858 047
1218 4799 1269 4858 1110
1291 4801 1409 4877 quaerit
1429 4817 1481 4860 cur
1493 4797 1632 4858 Romulae
1650 4783 1693 4872 ἔξω

399 4889 509 4954 πόλεως
541 4896 643 4956 eedem
682 4895 818 4956 Volcano
855 4899 973 4958 lecerit:
1005 4908 1104 4960 utrum
1141 4908 1301 4977 propterea
1336 4901 1416 4977 quod
1452 4902 1519 4978 ipse
1542 4896 1639 4960 Martia
1666 4907 1695 4948 α

399 4995 517 5056 Venere
542 4996 623 5054 filius
650 4995 736 5056 illum
761 4989 888 5057 edessen
914 5007 945 5060 et
969 4990 1102 5068 ὁμόπολιν
1127 5000 1226 5060 lacere
1252 5001 1392 5074 noluerit,
1419 5020 1457 5062 an
1485 5001 1565 5078 quod
1588 4996 1626 5057 ibi
1643 5007 1695 5053 cum

399 5095 503 5156 Tatio·
518 5105 548 5155 et
576 5105 681 5154 senatu
708 5099 809 5158 statim
837 5101 875 5158 ab
901 5101 987 5160 initio
1017 5101 1084 5160 loco
1111 5101 1149 5160 ab
1170 5103 1244 5161 urbe
1272 5111 1388 5164 secreto
1415 5101 1570 5162 commode
1599 5089 1697 5158 cartul·

397 5207 462 5256 tare
483 5214 575 5274 posse
594 5196 762 5272 crediderit,
787 5219 826 5260 an
847 5201 929 5277 quod
949 5202 1038 5262 deum
1063 5201 1266 5264 incendiorum
1297 5205 1336 5263 ab
1359 5203 1431 5264 arbe
1451 5221 1553 5264 arcere
1572 5187 1695 5260 soluerit?
