3582 5956
370 574 447 648 234
962 591 1107 644 ronnas

369 769 479 845 possit:
512 782 693 842 quamquam
720 766 758 824 de
783 764 840 824 boc
866 766 1004 845 exemplo
1033 765 1105 844 quid
1138 764 1328 824 statuendum
1355 765 1396 823 sit
1419 765 1500 824 inira
1525 766 1702 825 accuratius

369 877 538 945 quaeretur.
584 867 712 942 denique
732 867 877 925 habemus
900 867 937 926 de
959 867 1110 927 Fortunae
1136 865 1291 926 muliebris
1313 865 1393 925 sacri
1414 865 1529 944 origine
1548 867 1703 926 narratio·

370 988 438 1028 nem
460 969 549 1044 longe
569 967 778 1043 gravissimam
800 968 881 1043 apud
901 967 1083 1044 Dionysium
1104 969 1133 1040 8,
1157 967 1195 1028 55
1218 985 1244 1028 s.
1287 974 1410 1028 senatus
1436 968 1529 1046 igitur
1551 968 1705 1046 populus-

371 1088 430 1147 que
456 1068 611 1128 Romanus
638 1069 669 1128 in
697 1070 840 1129 honorem
869 1070 974 1128 matris
1002 1068 1156 1128 Coriolani
1181 1067 1335 1129 Fortunae
1366 1069 1500 1128 muliebri
1529 1067 1633 1128 aedem
1665 1087 1705 1128 eo

369 1170 446 1241 loco,
469 1169 520 1228 ubi
540 1170 596 1228 illa
615 1169 711 1230 filium
729 1170 903 1248 placaverit,
924 1170 1091 1230 faciendam
1106 1179 1285 1230 censuerunt
1305 1160 1415 1238 τέμενος
1435 1192 1466 1227 τι
1488 1165 1597 1238 ὠνηθὲν
1615 1165 1705 1228 καθ-

370 1265 522 1352 ιερωθῆναι
552 1271 588 1348 τῇ
618 1266 684 1348 θεῷ
722 1271 793 1348 (boc
824 1280 872 1331 est
903 1271 996 1332 lucam
1028 1274 1249 1332 couseuunduut
1274 1271 1339 1331 sive
1364 1271 1565 1349 dedicandum)
1597 1260 1651 1327 nai
1675 1269 1706 1328 ἐν

370 1364 450 1445 αὐτῶ
470 1365 537 1428 νεῶν
557 1361 606 1428 καὶ
627 1363 728 1436 βωμῶν
750 1370 787 1434 ῶς
809 1360 844 1430 οἷν
866 1371 889 1430 oi
910 1362 1098 1455 ἱερομνήμονες
1118 1368 1281 1454 ἐξηγῶνται
1302 1368 1540 1442 συντελεσθῆναι.
1572 1371 1709 1431 Valeria

369 1479 486 1530 creatur
507 1473 659 1546 sacerdos,
682 1474 822 1534 mulieres
845 1493 932 1534 sacra
952 1475 1050 1551 prima
1069 1474 1184 1533 faciunt
1204 1462 1273 1557 ὑπὲρ
1294 1474 1348 1530 τοῦ
1368 1462 1456 1540 δι’μνν
1482 1472 1553 1549 (pro
1569 1473 1706 1550 populo)

371 1613 379 1628 .
403 1615 410 1630 .
433 1561 477 1628 iul
503 1574 556 1630 τοῦ
580 1566 872 1636 κατασκευασθέντος
900 1572 928 1632 ἒν
958 1577 1000 1652 τῷ
1026 1565 1129 1644 τεμένει
1160 1566 1266 1642 βωμοῦ
1296 1574 1491 1650 (constitutam
1522 1574 1582 1633 dici
1612 1593 1708 1634 aram

368 1670 454 1746 noia)
476 1661 539 1750 apia
560 1661 578 1742 ’l
598 1668 645 1730 τᾶν
667 1669 733 1732 νεῶν
754 1665 802 1733 aul
824 1670 855 1732 τδ
877 1666 982 1756 ξοανον
1002 1671 1217 1747 ἀνασταθῆναι,
1240 1675 1371 1734 kalendis
1385 1675 1596 1746 Deeuudritus,
1625 1667 1706 1746 αὕτη

370 1765 427 1852 γαρ
449 1759 481 1838 ἦν
502 1767 518 1840 ἦ
539 1762 659 1832 λύσασα
679 1769 727 1832 τδν
746 1765 866 1843 adiuuet
880 1766 980 1860 ἦαέρα·
1001 1775 1119 1853 ε’νιαυτῶ
1141 1765 1171 1834 δέ
1193 1767 1307 1859 ὕστερον
1322 1766 1440 1858 δευτέρῳ
1460 1769 1532 1842 μετὰ
1552 1771 1602 1845 τὴν
1623 1767 1706 1860 στρῶ-

370 1889 420 1939 τηι·
441 1863 551 1929 Suo-iau
573 1870 589 1930 ὅ
610 1867 867 1938 κατασκευασθεὶς
888 1877 919 1934 ἔκ
941 1868 1079 1946 δῃμοσέων
1105 1867 1268 1959 «χρημάτων
1294 1871 1361 1937 uruit
1384 1866 1577 1946 συνετελέσθη
1598 1899 1630 1934 τε
1655 1869 1709 1935 καὶ

369 1963 554 2054 καθιερώθη,
570 1977 668 2052 pridie
681 1995 773 2038 nonus
793 1978 943 2050 Quintiles.
975 1978 1082 2038 deinde
1103 1997 1128 2037 c.
1145 1977 1183 2038 56
1206 1985 1346 2037 namatur
1365 1977 1490 2036 alterum
1511 1978 1586 2036 deae
1607 1979 1707 2038 simu·

369 2071 483 2130 lacrum
506 2062 656 2152 (ἄγαλμα)
679 2079 819 2138 mulieres
841 2080 879 2138 de
900 2097 956 2140 sua
977 2081 1104 2156 pecunia
1127 2079 1252 2138 iecisse:
1286 2068 1451 2136 ἀναθέντων
1478 2068 1508 2136 δὲ
1534 2070 1707 2163 ἀμφοτέρων

370 2170 398 2228 ἒν
418 2194 457 2260 τῃ
485 2166 578 2258 πρώτῃ
605 2179 657 2247 τῆς
685 2172 857 2264 ἀνιερώσεως
882 2170 969 2262 ἡμέρᾳ
990 2170 1192 2264 θάτεροντῶν
1214 2169 1418 2262 ἀφιδρυμάτων
1445 2167 1461 2235 d
1481 2169 1706 2238 κατεσκεῶασαι

370 2275 506 2348 «γυναῖκες
541 2268 717 2358 ἐφθέγξατο
749 2283 860 2338 πολλῶν
890 2283 1040 2363 παρουσῶν
1074 2275 1169 2355 φωνὴν
1201 2270 1349 2338 ιῦσῶνετον
1388 2269 1437 2336 καὶ
1468 2269 1597 2356 γογωνέν
1624 2323 1634 2338 .
1664 2323 1673 2338 .
1698 2323 1707 2338 .

371 2365 439 2449 ὅσιίρ
472 2366 583 2436 πόλεως
613 2369 686 2454 νέμω
719 2383 854 2456 «γυναῖκες
886 2372 1009 2455 γαμεταὶ
1041 2372 1185 2438 triduam
1210 2403 1269 2450 μοι,
1305 2380 1413 2440 deinde
1440 2376 1468 2436 έν
1492 2371 1594 2450 μείζονι
1618 2383 1708 2458 φωνῇ

370 2465 402 2528 rc*
426 2470 495 2531 αῶτδ
517 2468 623 2557 ξέανον
644 2471 821 2562 ἐφθέγξατο
843 2477 891 2552 τὴν
914 2477 1002 2552 αὐτὴν
1022 2471 1100 2563 λέξιν
1123 2472 1197 2538 uim
1218 2469 1302 2552 μηδὲν
1323 2473 1362 2539 έτι
1384 2467 1453 2537 εἶναι
1475 2473 1506 2538 τέ
1529 2473 1706 2557 ἀμφίλογον.

372 2591 433 2650 qna
459 2594 492 2633 re
519 2587 672 2656 comperta
697 2588 727 2640 et
754 2590 876 2642 senatus
905 2583 1023 2642 censuit
1044 2574 1155 2642 &uriae
1176 2569 1270 2642 ἄλλοις
1289 2570 1338 2638 καὶ
1360 2572 1532 2648 σεβασμούς
1551 2581 1653 2641 faeere
1676 2597 1706 2642 et

371 2673 512 2733 mulieres
538 2679 732 2739 decreverunt
755 2701 794 2740 ne
819 2683 867 2741 bis
896 2691 1007 2760 nuptae
1033 2700 1160 2742 coronas
1187 2683 1261 2742 deae
1286 2682 1391 2740 darent
1411 2699 1515 2740 eamve
1535 2691 1704 2761 tangerent.

372 2771 527 2832 invenerat
553 2778 645 2854 igitur
668 2781 837 2857 Dionysius
864 2783 950 2842 binas
978 2783 1180 2843 narrationes:
1214 2783 1337 2841 alteram
1364 2790 1520 2860 praeterea
1546 2800 1707 2844 servarunt

373 2870 544 2948 bipertitam
565 2875 678 2939 Festus
700 2879 744 2958 (p.
763 2881 833 2940 utu.
856 2882 945 2958 243)=
978 2887 1027 2942 uta
1052 2883 1164 2942 Latius
1195 2884 1235 2941 ad
1260 2883 1338 2941 IIII
1365 2883 1522 2943 miliarium
1552 2883 1705 2962 (signum)

373 2965 685 3054 Formianumue
706 2984 790 3056 ursas
812 2994 854 3042 eat
873 2987 976 3062 rutupi
996 2988 1054 3042 uisi
1074 2985 1111 3042 ab
1133 3003 1167 3042 eu
1188 3001 1261 3060 quae
1282 2983 1367 3042 semel
1385 2986 1494 3059 nupsit,
1516 2991 1547 3044 et
1562 2983 1706 3047 Valerius

374 3071 527 3136 Maximus
547 3077 694 3157 (1,8,4):
720 3084 864 3144 Fortunae
885 3089 969 3144 etium
990 3085 1135 3144 muliebris
1158 3084 1341 3142 simulacrum
1362 3086 1441 3160 quod
1460 3095 1503 3143 eet
1522 3083 1633 3143 Latina
1656 3093 1705 3146 uia

373 3175 416 3232 ud
435 3175 489 3234 IV
506 3179 660 3240 miliarium
687 3202 718 3243 eo
748 3193 871 3260 tempore
896 3203 958 3243 cum
984 3186 1053 3244 aeda
1086 3193 1287 3254 consecratum,
1319 3203 1374 3262 quo
1400 3185 1570 3245 Coriobruus
1597 3185 1634 3244 ab
1659 3205 1705 3244 er·

374 3275 449 3334 uuio
475 3280 554 3338 urbis
580 3291 724 3344 maturae
746 3304 846 3362 preces
872 3286 1071 3362 reppulerunt,
1098 3304 1155 3343 nou
1181 3287 1266 3345 autel
1290 3287 1341 3344 sed
1366 3286 1407 3345 bis
1429 3285 1551 3344 tecuam
1571 3291 1705 3360 constat,

371 3378 457 3458 prius
479 3378 523 3437 bis
545 3381 654 3442 verbis:
681 3387 735 3444 rite
760 3405 803 3444 rue
828 3397 975 3446 aduenae
1002 3388 1120 3444 dedistis
1147 3389 1256 3462 riteque
1283 3387 1436 3446 dedicastis
1468 3385 1535 3461 (ubi
1556 3391 1642 3462 prius
1668 3389 1705 3446 ab

376 3473 497 3535 homine
522 3481 575 3555 qni
600 3491 693 3542 totam
716 3505 778 3544 rem
800 3505 860 3546 non
881 3486 1064 3545 intellexerit
1084 3472 1231 3546 insertum
1254 3503 1321 3546 esse
1342 3486 1458 3545 viderat
1478 3485 1577 3558 Turn,
1594 3492 1704 3564 priscis

375 3577 456 3651 quod
477 3580 632 3641 substituit
652 3584 791 3646 Halmius
813 3605 874 3645 non
895 3586 1054 3663 intellego:
1078 3587 1151 3664 quid
1172 3587 1251 3648 enim
1272 3588 1363 3664 prisci
1384 3587 1531 3647 sermonis
1550 3589 1582 3646 in
1603 3589 1704 3648 verbis

374 3674 481 3752 illisi).
525 3681 613 3740 huius
641 3687 822 3746 narrationis
849 3688 910 3746 vim
936 3687 1105 3764 Dionysius
1132 3706 1253 3764 pessum
1280 3688 1361 3747 dedit
1386 3704 1442 3746 suo
1468 3695 1564 3746 marte
1590 3689 1643 3760 ita,
1669 3698 1705 3748 nt

376 3773 462 3834 deam
477 3796 537 3836 non
551 3781 593 3840 ibi
617 3785 824 3847 amulieribus
847 3797 1052 3848 consecratam
1073 3789 1194 3860 faceret,
1216 3788 1267 3846 ubi
1287 3787 1394 3847 iterum
1417 3789 1510 3848 verba
1529 3788 1586 3848 illa
1604 3788 1705 3848 locuta

377 3883 456 3933 esset
477 3877 561 3952 <nam
582 3882 672 3942 huius
694 3885 790 3964 ipsius
811 3889 855 3948 rei
876 3907 947 3964 ergo
969 3896 1062 3949 totam
1083 3908 1147 3948 rem
1169 3889 1284 3948 narrari
1305 3889 1393 3948 docet
1407 3888 1548 3950 Valerius
1564 3891 1703 3968 exemplo

377 3990 413 4031 eo
435 3979 515 4050 quod
535 3985 711 4061 praecedit),
743 3989 797 4047 sed
822 3991 950 4048 alterum
975 3991 1171 4048 simulacrum
1198 3990 1324 4067 fingeret
1348 3989 1396 4050 bis
1421 3989 1513 4066 loqui,
1544 3991 1650 4050 iterum
1675 3990 1704 4048 ἐν

376 4067 478 4146 μείζον’
501 4083 584 4160 φωνῇ’
603 4075 676 4142 cirre
696 4077 781 4158 μηδέν
801 4081 841 4148 ἔτι
863 4078 932 4148 εἶναι
953 4083 1131 4165 ἁμφέλογοντ
1158 4090 1276 4149 seilicet
1296 4109 1364 4150 cum
1385 4089 1513 4167 primum
1533 4090 1704 4168 loqueretur

374 4173 518 4240 mulieres
546 4183 583 4242 de
610 4204 692 4247 more
716 4189 796 4250 inter
824 4209 857 4252 se
883 4192 1049 4270 garrientes
1082 4192 1121 4248 ad
1147 4191 1278 4250 divinum
1309 4211 1413 4252 rocem
1438 4209 1497 4250 non
1524 4191 1703 4252 attendisset

376 4277 432 4338 bas
453 4281 582 4358 ineptias
605 4305 671 4347 esse
693 4289 836 4367 Dionysii
861 4311 916 4350 nec
944 4293 1078 4370 potuisse
1107 4291 1198 4352 scribi
1222 4292 1254 4350 in
1281 4293 1503 4352 commentariis
1532 4291 1704 4370 pontificiis,

376 4393 511 4457 dpptret.
551 4403 644 4462 quare
665 4408 732 4450 cum
758 4393 841 4452 dicit:
875 4386 924 4458 τὴν
946 4383 1113 4468 ἐπιφάνειαν
1133 4388 1197 4449 κατ’
1220 4391 1322 4450 ἐκεῖνον
1341 4387 1390 4450 τῶν
1411 4383 1516 4476 χρένον
1539 4389 1601 4472 οὐχ
1619 4385 1704 4472 ἅπαξ

377 4475 455 4537 ἀλλὰ
478 4477 520 4544 δίς
547 4485 606 4561 (sic
627 4487 836 4568 Urbinas)‘uit
857 4492 886 4550 ui
907 4495 965 4550 τῶν
986 4492 1158 4575 ἱεροφαντῶν
1179 4484 1344 4576 περιέχουσι
1368 4484 1481 4577 γραφαὶ
1502 4537 1510 4552 .
1533 4537 1542 4552 .
1566 4538 1573 4553 .
1594 4491 1704 4552 indicat

377 4581 480 4642 eadem
502 4585 557 4646 illa
577 4606 654 4665 qnae
676 4593 807 4656 breviter
826 4592 966 4654 Valerius
987 4593 1078 4652 habet
1099 4593 1143 4669 (ct
1163 4601 1236 4654 nota
1256 4611 1387 4671 congrua
1407 4593 1486 4671 apud
1506 4595 1594 4654 illum
1613 4593 1703 4652 rerba

377 4697 434 4738 αοιι
448 4687 532 4744 semel
546 4691 598 4747 sed
610 4691 667 4767 dis)
689 4693 789 4768 paullo
811 4693 959 4772 prolixius
980 4701 1103 4752 narrata
1124 4694 1204 4769 apud
1226 4695 1379 4754 annalium
1405 4689 1581 4772 scriptorem
1602 4693 1702 4752 nescio

378 4794 476 4853 (luem,
503 4788 555 4861 qui
581 4792 802 4866 pontificiorum
827 4796 974 4855 librorum
995 4795 1177 4856 mentionem
1198 4795 1358 4869 iniecisset,
1378 4795 1488 4872 legisse
1509 4805 1600 4856 etex
1617 4803 1702 4872 parte

381 4893 442 4936 non
455 4881 655 4964 intellexisse,
677 4905 815 4972 exparte
835 4899 879 4956 ita
891 4905 924 4956 ut
943 4897 1007 4955 dixi
1027 4896 1215 4969 immutasse,
1235 4915 1273 4954 ne
1291 4915 1425 4975 pugnare
1445 4896 1615 4956 riderentur
1633 4910 1703 4952 tum

380 4978 476 5037 altera
494 4983 547 5043 illa
566 4991 669 5066 templi
689 4996 814 5075 originis
829 4999 954 5058 historia
975 5017 1014 5058 ex
1036 4998 1096 5057 alio
1118 4997 1201 5057 fonte
1222 4997 1325 5074 petits,
1346 4998 1432 5058 cuius
1453 5008 1559 5058 auctor
1579 4997 1614 5056 de
1631 5009 1702 5050 con·

379 5079 484 5140 stituto
510 5083 554 5143 ibi
580 5089 748 5158 simulacro,
765 5099 816 5158 ubi
841 5099 948 5159 iterum
975 5107 1056 5160 esset
1080 5098 1213 5158 locutum
1234 5098 1310 5158 nihil
1330 5098 1502 5158 tradiderat
1546 5096 1599 5156 aad
1616 5095 1640 5153 is
1660 5092 1703 5152 de

378 5179 484 5242 diebus
511 5197 649 5251 accurate
674 5197 839 5261 rettulerat.
864 5209 898 5260 ut
919 5200 1048 5260 dubitari
1069 5219 1129 5268 uon
1153 5199 1252 5276 possit
1273 5198 1424 5260 Fortunae
1445 5196 1583 5258 muliebri
1601 5196 1629 5256 in
1647 5191 1703 5250 via
