3582 5956
397 589 470 662 202
948 597 1176 662 nsnovsnur

396 799 468 840 vero
494 778 643 838 flaminica
664 783 810 853 perpetua
831 772 910 831 facta
931 782 977 831 est
998 773 1184 844 Tarracone,
1211 779 1372 851 postquam
1394 773 1532 853 deinceps
1552 775 1602 835 tuit
1620 775 1689 836 ismi-

396 885 464 944 nica
485 901 515 958 p.
538 879 577 939 H.
594 876 640 952 0.,
663 875 884 947 Osicerdensis,
906 873 1196 954 caesaraugustana.
1220 872 1271 937 Sic
1293 875 1414 952 saepius
1436 877 1617 954 distinguitur
1634 879 1690 938 iuter

397 981 569 1042 flamonium
591 980 763 1059 provinciae
784 988 814 1038 et
833 976 1005 1037 flamonium
1028 983 1203 1055 perpetuum
1226 959 1389 1056 municipii,
1411 997 1460 1038 ex.
1482 998 1506 1038 c.

440 1107 469 1145 n.
486 1083 536 1143 32.
579 1083 643 1141 Ioui
664 1100 690 1139 ο.
712 1101 748 1139 m.
767 1080 878 1139 Flauia
899 1077 938 1138 L.
954 1083 982 1156 s.
1001 1079 1106 1156 Rufina
1121 1079 1311 1138 Emeritensis
1325 1081 1475 1154 flaminica
1491 1084 1611 1157 promae.
1624 1080 1690 1139 Lusi·

480 1190 585 1256 tunice,
607 1189 672 1244 item
693 1181 848 1259 col(oniae)
870 1181 1056 1240 Emeritensis
1076 1191 1215 1257 perpetua
1236 1189 1262 1239 et
1282 1181 1427 1259 municipi
1440 1180 1582 1242 Salacien.
1601 1184 1664 1240 dd

437 1311 467 1348 n.
483 1286 574 1347 4211.
618 1286 652 1344 Ρ.
674 1284 715 1344 Η.
739 1304 763 1345 c.
786 1281 824 1342 L.
847 1283 975 1342 Domitio
999 1281 1041 1341 M.
1057 1283 1087 1358 s.
1111 1282 1194 1359 Serp.
1211 1282 1392 1342 Dentoniana
1414 1284 1499 1342 indic.
1520 1285 1576 1344 dec.
1591 1283 1621 1344 V.
1639 1303 1688 1360 equa

476 1389 603 1466 publico.
629 1405 691 1463 per.
718 1386 835 1444 Traian.
865 1384 956 1442 IIuir.
984 1389 1085 1444 munic.
1113 1381 1418 1460 Consaburan(ensis),
1438 1384 1577 1461 flaminio)
1598 1395 1688 1462 perpet,

481 1523 519 1536 -
541 1523 583 1532 -
605 1521 643 1530 -
659 1487 802 1563 flam(ini)
821 1486 1014 1563 p(rauinciae)
1035 1486 1076 1544 H.
1099 1504 1123 1545 c.
1194 1544 1198 1558 ,

397 1603 430 1652 ut
451 1593 500 1651 uel
527 1611 565 1648 ex
594 1591 650 1648 hac
676 1589 865 1646 distinctione
890 1588 1092 1664 intellegatur,
1120 1587 1295 1665 provinciae
1321 1587 1521 1648 sacerdotium
1545 1604 1599 1648 nou
1621 1587 1688 1646 luisse

396 1702 583 1770 perpetuum.

480 1793 631 1862 Alterum,
652 1793 684 1850 in
705 1808 764 1868 quo
784 1791 931 1851 erravisse
947 1790 1019 1850 mihi
1035 1790 1152 1850 uidetur
1164 1789 1356 1863 Huabnerns,
1379 1790 1453 1851 illud
1469 1799 1525 1865 est,
1545 1793 1624 1869 quod,
1641 1808 1688 1849 cun

396 1895 588 1954 observasset
608 1911 661 1953 eos
682 1893 855 1971 prouinciae
876 1892 1060 1965 sacerdotes,
1085 1910 1213 1968 quorum
1235 1893 1315 1952 tituli
1336 1901 1468 1968 exstant,
1490 1913 1507 1952 e
1527 1892 1688 1970 quadraginta

395 1997 459 2056 iere
481 1995 649 2054 civitatibus
669 1994 844 2072 provinciae
865 1993 1007 2054 oriundos
1029 2010 1107 2066 esse,
1130 2011 1216 2054 suum
1238 2012 1388 2072 quamque
1409 1995 1559 2056 civitatem
1573 1993 1687 2054 flaminem

395 2099 433 2158 ad
456 2097 615 2157 ennodium
637 2096 795 2172 delegasse
817 2095 930 2168 statuit,
952 2113 1065 2172 eosque
1085 2096 1222 2156 flamines
1244 2105 1385 2174 tanquam
1401 2097 1550 2174 quoddam
1565 2096 1687 2173 collegium

396 2199 533 2260 effecisse
561 2198 708 2274 (Hermes
733 2201 746 2256 1
775 2215 806 2273 p.
823 2196 1016 2272 lle-116).
1060 2198 1097 2256 In
1126 2215 1185 2274 quo
1214 2197 1369 2274 praeteriit
1395 2217 1464 2258 eum
1492 2199 1615 2259 flamines
1635 2215 1688 2256 nm·

395 2320 483 2378 quam
511 2300 669 2378 collegium
691 2299 872 2358 constituere
900 2297 953 2374 (cf.
975 2299 1143 2358 Mommsen
1163 2298 1202 2358 ad
1223 2298 1373 2376 Borghesi
1394 2318 1466 2378 opp.
1481 2301 1511 2374 5,
1526 2299 1607 2376 201);
1627 2315 1687 2375 pras

394 2411 477 2464 terea
498 2413 609 2476 autem,
631 2402 659 2461 si
680 2418 767 2461 suum
788 2419 925 2478 quaeque
948 2401 1053 2460 civitas
1073 2401 1105 2459 in
1123 2398 1282 2460 concilium
1296 2400 1446 2460 flaminem
1463 2403 1598 2474 misisset,
1616 2401 1687 2478 ipsam

394 2505 545 2566 civitatem
574 2524 641 2564 eum
669 2512 838 2562 creaturam
865 2503 971 2562 inisse.
1019 2502 1115 2578 Atqui
1144 2520 1162 2560 a
1190 2502 1318 2562 concilio
1346 2503 1520 2579 provinciae
1546 2503 1687 2562 creabantur

394 2607 530 2666 flamines
552 2605 662 2682 singuli
685 2603 739 2679 (11,
756 2603 839 2662 2344
861 2605 907 2663 dic
924 2607 1092 2681 prouinciae
1106 2604 1245 2664 Baeticae
1266 2621 1402 2664 consessu
1414 2607 1545 2681 flaminis
1564 2622 1647 2664 nunus
1658 2609 1687 2660 nt

395 2705 595 2783 consequutus)
616 2706 697 2781 iique
719 2723 758 2763 ex
781 2703 872 2762 variis
895 2705 1077 2777 civitatibus,
1099 2713 1131 2764 ut
1152 2712 1182 2764 et
1202 2705 1325 2765 honoris
1347 2723 1452 2767 omnes
1474 2707 1602 2768 civitates
1619 2701 1686 2782 parfi-

393 2809 475 2883 cipes
496 2814 597 2866 essent
618 2813 648 2866 et
669 2813 821 2881 sumptum
842 2804 981 2864 ludorum
995 2813 1060 2866 tota
1074 2806 1229 2883 provincia
1243 2807 1440 2884 aequabiliter
1454 2809 1598 2868 toleraret
1628 2803 1686 2878 Qua

393 2909 491 2968 munis
518 2913 635 2966 creatos
660 2922 728 2964 esse
753 2905 889 2966 flamines
917 2925 1088 2985 quanquam
1111 2908 1273 2969 verisimile
1298 2917 1468 2969 esttamen
1490 2905 1687 2998 exHispmicb
1753 2883 1754 2963 i

393 3009 489 3068 titulis
512 3027 572 3066 nou
594 3017 728 3086 apparet.

475 3113 504 3170 4.
550 3108 691 3172 Srcrursu
714 3127 879 3183 commune,
901 3111 981 3188 quod
1003 3111 1159 3188 provincia
1181 3111 1333 3189 antiquius
1353 3123 1408 3185 est,
1430 3109 1685 3176 conservaruatlle

391 3211 471 3272 mani
498 3219 528 3270 at
554 3211 758 3288 compluribus
776 3209 972 3271 Verrinarum
999 3212 1074 3272 locis
1097 3210 1205 3273 Cicero
1226 3225 1447 3276 commemorat
1499 3215 1536 3276 V.
1557 3211 1685 3274 neemia
1751 3273 1752 3300 i

391 3313 587 3386 Verr.2,46,
606 3313 677 3372 114:
705 3312 837 3389 Denique
858 3332 933 3372 nunc
952 3315 1033 3384 uide,
1056 3316 1129 3390 qaid
1147 3319 1222 3373 inter
1242 3324 1277 3386 te,
1300 3320 1381 3376 cuius
1401 3322 1516 3377 namins
1533 3317 1607 3394 apud
1623 3312 1684 3374 Sicl-
1751 3301 1752 3395 i

391 3414 434 3474 las
453 3418 524 3491 sesti
551 3415 611 3472 dies
634 3423 759 3489 apuntur
779 3425 805 3473 et
821 3414 981 3490 praeclara
1000 3415 1056 3472 illa
1075 3415 1181 3475 Verria
1201 3417 1387 3490 celebrantur,
1416 3421 1466 3478 esci
1485 3429 1589 3480 smnus
1606 3417 1685 3476 noua

390 3527 468 3576 stant
487 3519 649 3585 inauratae,
672 3533 692 3573 a
714 3519 852 3574 communi
874 3515 1002 3590 Siciliae,
1024 3519 1258 3592 quemadmodum
1279 3522 1446 3596 tmertpnn
1469 3523 1596 3591 Menas,
1615 3517 1684 3576 iace.

390 3617 431 3675 ib.
452 3615 481 3686 2,
496 3616 547 3688 59,
565 3616 637 3673 145:
660 3615 854 3692 (imperasti),
876 3627 907 3676 ut
929 3619 1012 3676 iidem
1029 3634 1087 3693 pro
1107 3627 1191 3694 parte
1212 3623 1243 3678 in
1265 3639 1406 3680 commune
1420 3621 1541 3683 Siciliae
1559 3621 1685 3694 mulctrat

390 3717 485 3790 2,63,
504 3717 576 3776 154:
603 3715 682 3774 Huic
702 3719 786 3776 aiam
807 3719 915 3776 Rornae
935 3721 1062 3778 uidemus
1082 3722 1113 3777 in
1135 3719 1199 3779 basi
1219 3729 1380 3781 aminarum
1399 3729 1532 3784 mmcimie
1552 3723 1638 3783 tinais
1653 3721 1685 3774 t't·
1749 3757 1750 3825 p

390 3821 488 3889 cisum,
510 3837 530 3876 a
552 3821 690 3876 communi
711 3818 831 3878 Siciliae
851 3821 946 3879 datas.
984 3819 1033 3880 Cf.
1057 3820 1085 3895 2,
1101 3820 1151 3894 42,
1169 3820 1242 3881 103ι
1264 3823 1346 3882 Dicit
1364 3836 1514 3901 praeterea
1535 3824 1684 3886 memmae

391 3926 451 3976 tota
467 3917 579 3988 Sicilia,
603 3924 727 3994 quaein
750 3923 937 3980 communibus
954 3924 1112 3998 postulatis
1134 3929 1280 3986 ciuitatum
1301 3931 1423 3987 omnium
1442 3927 1598 3988 consulibua
1609 3921 1683 3986 edidt'l
1748 3915 1749 3930 ³

391 4037 510 4095 ,rogare
530 4029 615 4094 atquc
637 4038 720 4080 orare
739 4033 835 4096 patres
857 4027 1042 4100 conscriptos,
1063 4036 1095 4085 ut
1115 4037 1277 4100 statuerent,
1299 4047 1334 4088 ne
1348 4028 1506 4089 decutiunt
1519 4023 1683 4087 nominanti·

385 4129 533 4196 perettus.
577 4118 607 4194 2,
626 4120 767 4194 59,146τ
792 4123 870 4183 Num
892 4125 1045 4203 legationes
1067 4101 1188 4188 omniurn
1210 4133 1355 4190 ciuitatum
1375 4135 1405 4190 in
1423 4131 1576 4206 parntem
1591 4141 1682 4186 cenat·
1747 4155 1748 4174 ι

387 4222 470 4281 nibus
493 4257 530 4268 -
555 4226 638 4281 etiam
659 4223 711 4282 doc
733 4225 889 4299 ediderunt,
911 4237 942 4286 ut
963 4237 1076 4288 statuas
1097 4249 1131 4288 ne
1152 4236 1212 4303 cui,
1233 4235 1293 4291 nisi
1314 4252 1376 4293 cum
1397 4235 1424 4292 is
1445 4233 1480 4290 ds
1496 4231 1632 4308 praem
1649 4224 1683 4282 dt·
1747 4183 1748 4257 i

387 4327 525 4396 cessisset,
543 4324 755 4400 pollicerentur.
788 4327 899 4388 Postea
920 4327 1009 4388 huius
1028 4331 1148 4390 concilii
1167 4333 1253 4393 nulla
1271 4334 1305 4393 fit
1319 4335 1431 4395 mentio
1445 4352 1501 4394 nec
1515 4325 1682 4392 sacerdotum
1746 4393 1747 4396 ,

386 4426 558 4502 provinciae
585 4426 699 4500 inveni,
726 4445 898 4504 quanquam
920 4448 987 4489 cum
1008 4431 1168 4494 Messanae
1189 4435 1302 4495 fuerint
1322 4445 1352 4496 et
1374 4435 1473 4495 VIuiri
1492 4429 1647 4511 Augustales
1662 4429 1683 4482 οἱ
1746 4405 1747 4473 i

379 4527 532 4600 flaminica
552 4529 636 4587 diuae
650 4528 726 4605 Aug.
749 4529 967 4603 (Torremueaa
989 4529 1111 4592 Siciliae
1126 4538 1213 4596 inser.
1236 4555 1262 4595 c.
1280 4536 1308 4609 1,
1323 4538 1352 4597 4.
1368 4536 1433 4615 24),
1455 4535 1591 4597 Panormi
1608 4527 1684 4591 Vlm'fl'

386 4627 464 4701 Ass.
492 4627 550 4699 (rs.
573 4649 599 4688 ι.
618 4631 645 4702 1,
663 4629 711 4690 ιο.
728 4628 797 4705 29),
822 4630 962 4708 seyme
977 4635 1084 4709 mnes
1105 4639 1172 4711 emp.
1193 4637 1332 4698 Annum
1353 4649 1379 4698 a
1392 4641 1540 4716 amasa
1559 4635 1611 4712 (ιι
1629 4627 1682 4695 at,
1745 4607 1746 4689 l

387 4725 415 4782 5.
433 4726 477 4802 l),
498 4727 638 4788 Thermis
660 4750 715 4790 ara
735 4736 803 4809 imp.
822 4732 904 4793 Caes.
928 4734 1032 4811 (Aup.)
1055 4745 1081 4795 et
1101 4737 1212 4814 Iul(ias
1226 4738 1396 4816 Aupustas).
1410 4739 1539 4816 matris)
1558 4739 1617 4812 inp.
1631 4731 1681 4792 Coc
1744 4801 1745 4806 η

387 4824 477 4900 (saris
501 4827 607 4888 Tiberii
627 4830 740 4910 Arimi)
769 4833 825 4909 (ib.
850 4837 884 4904 4,
901 4836 951 4913 5),
978 4837 1102 4897 Melitae
1120 4834 1223 4902 irrrrstic
1242 4833 1386 4910 Ῥωμαίων
1406 4827 1617 4919 imperantis-ar
1633 4827 1682 4902 &spi
1744 4819 1745 4905 i

386 4917 547 5004 Αὖγούπῳ
569 4929 618 5005 (0.
636 4931 659 4990 1.
676 4931 728 4992 Gr.
753 4955 780 4994 n.
797 4937 908 5014 5754),
934 4938 1063 5016 denique
1087 4940 1120 5000 in
1146 4941 1248 5002 insula
1270 4940 1362 5004 Gauii
1382 4945 1488 5019 flamen
1506 4944 1592 5018 penis
1611 4933 1681 4994 iuliae

386 5031 502 5103 eiusque
522 5049 595 5088 acor
614 5037 748 5093 sacmdcs
769 5038 938 5113 Amanum
959 5039 1069 5115 (Orell.
1086 5041 1171 5119 618),
1194 5065 1232 5104 ne
1254 5044 1437 5122 provinciam
1458 5044 1571 5122 quidem
1589 5049 1679 5098 omnen

386 5147 404 5186 a
426 5128 509 5188 cultu
531 5129 637 5190 domus
660 5135 817 5214 Augustae
836 5141 1017 5203 abstinuisse
1038 5143 1183 5204 credibile
1204 5154 1259 5205 est.

454 5231 499 5290 ·5.
543 5229 718 5296 Sensimus
739 5241 929 5302 sacerdotales
950 5245 1140 5321 reperiuntur
1161 5247 1191 5305 iu
1207 5247 1324 5309 duabus
1340 5248 1429 5311 inser.
1444 5247 1564 5310 Heoaeu
1578 5239 1652 5304 ⁵969.
