3546 5950
350 615 399 684 94
913 629 1112 680 menits

349 807 485 884 legiones
506 803 611 862 iisdem
632 802 740 860 cestris
762 801 943 859 haberentur
951 801 991 876 ¹).
1034 802 1071 860 ld
1091 821 1212 878 quoque
1232 804 1290 860 buc
1309 803 1397 876 insit,
1417 805 1505 880 quod
1529 803 1599 864 Sex.
1619 805 1669 864 Au·

348 909 447 967 lienus
469 906 513 980 (n.
530 905 563 979 7)
586 915 710 962 vocetur
725 906 891 979 preelectus
911 914 1070 962 casuum
1091 905 1278 980 Imperatoris
1293 905 1427 964 Cuoecrr's
1450 907 1580 983 Augusti
1598 907 1669 965 etii.

352 1009 490 1070 Caesaris
514 1007 655 1081 Anputi;
680 1005 771 1081 legsti
797 1005 877 1063 enirn
905 1006 1081 1080 provincius
1108 1013 1139 1063 et
1163 1005 1308 1082 legionis,
1335 1017 1554 1082 procuratores
1575 1008 1669 1084 aliique

348 1112 543 1188 mugistrstns
569 1109 609 1165 sb
629 1107 812 1182 Imperatore
837 1107 932 1164 erun
957 1107 1046 1182 eique
1067 1107 1128 1184 ipsi
1149 1107 1263 1166 subditi
1283 1107 1365 1166 bsnd
1384 1127 1457 1166 rsro
1479 1119 1621 1167 vocentur
1639 1109 1669 1165 le-

247 1193 253 1204 .
347 1217 423 1290 pati,
447 1219 652 1287 procuramus
677 1219 727 1265 cet.
749 1207 936 1282 Imperatoris
956 1208 1054 1266 illisu:
1081 1209 1133 1266 rix
1153 1219 1253 1268 ntem
1274 1211 1490 1286 11„thoe
1512 1210 1601 1268 modo
1620 1209 1668 1267 lm.

348 1313 496 1392 perstetis
517 1329 626 1368 nomen
647 1309 811 1367 tribunstni
833 1309 977 1382 militnm,
1003 1309 1210 1387 pnesesturse
1231 1311 1365 1370 cohortis
1386 1311 1511 1383 alaeve,
1537 1311 1669 1369 centurio

347 1417 468 1475 nutibus
488 1413 662 1471 sdinnctum
683 1410 827 1486 reperies.
868 1409 918 1469 Ne
939 1429 1011 1469 vero
1031 1413 1106 1470 mibi
1127 1430 1275 1488 cpponss,
1295 1412 1378 1488 quod
1392 1410 1577 1472 Caetronius
1597 1411 1668 1469 l'iss·

347 1536 422 1588 nus,
448 1515 660 1574 Africanorum
685 1521 855 1570 castrorum
880 1514 1066 1590 praefectus,
1092 1513 1178 1571 iussu
1201 1513 1293 1590 legsti
1314 1514 1444 1591 legionis
1463 1514 1577 1572 Valerii
1596 1511 1668 1570 Festi

348 1621 379 1677 in
392 1616 513 1676 rincnls
532 1613 679 1673 conicitur
699 1612 743 1687 (u.
759 1611 829 1687 20):
851 1624 882 1672 et
902 1614 1034 1692 legatum
1056 1615 1185 1691 legionis
1198 1615 1247 1672 111
1262 1617 1421 1692 Angustus
1442 1615 1538 1675 simul
1552 1614 1667 1693 legatum

347 1718 520 1797 provincius
540 1715 635 1773 inisse
649 1711 811 1772 Numidise
831 1733 910 1791 quse
931 1723 1037 1793 postes
1056 1716 1138 1774 diets
1157 1725 1215 1787 est,
1235 1724 1364 1788 constet,
1384 1735 1441 1776 nec
1463 1715 1612 1775 eiusmodi
1626 1733 1668 1771 er·

347 1821 509 1899 plicatione
530 1817 578 1875 bic
598 1833 734 1892 egemus:
763 1817 871 1876 eodem
891 1818 971 1875 euim
991 1825 1242 1894 puerumque
1262 1816 1406 1876 Pisanum
1428 1819 1552 1890 vinciri,
1573 1817 1666 1875 Festus

347 1923 490 1983 Pisonem
506 1921 629 1980 Africus
649 1919 863 1997 proconsulem
884 1918 1010 1977 interfici
1031 1919 1132 1990 iussit,
1152 1919 1206 1996 qui
1227 1919 1333 1995 procul
1354 1919 1446 1979 dnbio
1468 1919 1537 1978 eius
1557 1917 1667 1994 imperio

346 2023 484 2084 subditus
505 2041 564 2081 non
586 2033 659 2081 erat.

428 2125 561 2183 Absente
586 2133 685 2183 sutem
712 2123 814 2200 legsto
836 2122 1013 2198 plerumque
1033 2121 1116 2180 vices
1137 2122 1203 2180 eius
1224 2121 1396 2199 suscepisse
1417 2123 1550 2182 ridetur.
1589 2117 1664 2177 Tuci·

346 2239 395 2286 tus
416 2227 494 2285 enim
515 2233 619 2284 umet
640 2224 683 2300 (n.
702 2225 755 2300 15)
777 2223 923 2282 Poeninm
938 2222 1116 2282 Postumum
1136 2224 1320 2299 praelectum
1340 2233 1512 2284 essuorum
1534 2218 1665 2282 secunde

345 2329 474 2405 legionis
504 2328 586 2386 bello
618 2326 809 2396 Britannico,
840 2324 970 2402 cognitis
999 2325 1339 2400 qnsrtsdecumsnorum
1370 2325 1665 2396 vicesimsnorumqut
1742 2381 1743 2406 ᾖ

344 2429 500 2507 prosperis
521 2429 626 2499 rebus,
651 2427 724 2505 quis
743 2426 810 2504 pari
829 2425 929 2503 glosis
946 2425 1096 2502 legionem
1123 2441 1210 2484 susm
1236 2425 1440 2486 irmdsvisset
1466 2426 1664 2498 abnuissetque

345 2538 452 2589 eontrs
470 2530 560 2588 ritum
582 2528 707 2588 militine
727 2529 812 2588 iussu
831 2527 917 2586 dude
939 2525 1076 2588 Suetonii
1096 2525 1228 2597 Psulini,
1252 2526 1344 2606 legati
1364 2528 1541 2605 provincius
1560 2525 1663 2586 Britan·

346 2632 428 2705 niss,
454 2631 555 2707 ipsum
580 2647 615 2688 sc
639 2631 741 2709 glsdio
766 2629 962 2708 transegisse.
1004 2626 1134 2687 Videtur
1160 2627 1252 2707 igitur
1274 2629 1356 2708 legio
1376 2630 1513 2689 secunde
1532 2627 1583 2688 illo
1602 2633 1663 2683 tem·

345 2749 419 2811 pore
443 2732 574 2808 legatum
601 2748 661 2789 non
686 2731 842 2791 habuisse:
868 2749 958 2808 quem
980 2732 1006 2791 si
1028 2730 1197 2803 bsbuisset‚
1224 2729 1251 2790 ei
1274 2729 1438 2792 Suetonius
1460 2733 1605 2808 imperare
1623 2725 1662 2782 ds

345 2833 448 2907 hebet,
477 2841 511 2890 ut
537 2832 685 2910 legionem
715 2833 876 2892 sddueeret
900 2834 1026 2910 eiusque
1052 2839 1119 2894 erat
1144 2831 1192 2891 rel
1219 2832 1342 2892 obedire
1368 2833 1417 2892 rel
1445 2835 1587 2893 sbnmrer
1613 2829 1660 2885 ism

345 2955 414 2994 cum
439 2933 590 3010 praelecto
615 2941 784 2993 castrorum
808 2936 935 3012 imperet
955 2935 1041 3010 isque
1062 2934 1207 2993 detrectet
1227 2933 1326 3008 iussu,
1352 2934 1423 2992 inde
1443 2955 1513 2994 eum
1534 2929 1659 2991 vicenum

344 3037 437 3114 legati
456 3036 552 3095 fuisse
573 3046 709 3113 apparet„
750 3036 827 3095 Item
848 3035 929 3094 bello
942 3035 1105 3094 Vitelliano
1126 3035 1274 3096 seditione
1294 3034 1327 3095 in
1348 3037 1458 3094 cestris
1480 3042 1584 3094 exortu
1605 3045 1660 3088 cum

346 3137 461 3197 Veiens
489 3137 608 3214 legetus
637 3136 740 3196 servili
768 3143 853 3196 reste
879 3135 959 3212 spnd
987 3136 1179 3196 decurionem
1207 3136 1337 3213 equitem
1367 3135 1477 3209 latest,
1509 3131 1659 3214 praefectus

345 3250 512 3300 castrorum
535 3255 685 3297 summum
706 3247 788 3298 tenet
807 3237 965 3315 imperium
986 3237 1030 3312 (n.
1044 3237 1108 3313 17).
1139 3237 1281 3314 Denique
1301 3237 1333 3296 in
1347 3239 1490 3316 Aegypto
1512 3233 1660 3314 preeleetos

344 3351 510 3402 esstrorum
532 3339 700 3417 legatorum
721 3341 821 3398 locum
844 3339 1009 3398 obtinuisse
1031 3355 1125 3416 suprs
1144 3339 1425 3398 demonstravimus.

427 3440 628 3502 Centuriones
655 3440 825 3518 militesque
846 3439 968 3500 obedire
988 3439 1081 3498 iussis
1102 3440 1245 3516 preelecti
1266 3449 1434 3499 castrorum
1454 3439 1604 3505 debuisse,
1628 3447 1659 3488 er

344 3529 525 3604 testimoniis
557 3560 652 3620 snprs
680 3542 784 3602 relutis
816 3549 950 3612 eonstst3
986 3541 1125 3599 tribunos
1157 3541 1200 3613 ei,
1233 3541 1283 3600 ubi
1316 3541 1446 3601 vicarius
1478 3538 1567 3618 leguti
1596 3539 1658 3597 erut,

343 3645 483 3723 paruisse
514 3643 706 3702 menifestum
738 3651 798 3714 est3
831 3660 1047 3719 usquequaque
1078 3661 1148 3701 num
1180 3661 1286 3720 perere
1317 3661 1371 3701 eos
1402 3641 1582 3720 oportuerit,
1609 3647 1658 3691 not

343 3745 485 3804 diiudico.

428 3843 600 3904 officialem
621 3845 712 3905 hebet
733 3845 963 3904 cornicularium
986 3845 1030 3920 (n.
1046 3843 1096 3902 47.
1112 3841 1177 3919 48).

427 3945 535 4005 Restat
561 3953 594 4004 nt
614 3956 782 4022 quaretur,
808 3963 886 4022 quse
907 3945 972 4004 eius
993 3944 1103 4004 luerint
1123 3963 1246 4004 munere
1266 3945 1435 4022 officiaque.
1477 3946 1525 4004 Ac
1545 3940 1655 4018 primum

344 4046 463 4124 quidem
485 4044 605 4124 vigilius
630 4057 660 4106 et
680 4048 827 4107 stationes
848 4041 994 4124 disperiit,
1021 4055 1054 4105 ut
1074 4047 1222 4106 obeuntur
1243 4065 1262 4102 s
1282 4046 1507 4105 centurionibus
1527 4035 1654 4123 providet

345 4150 433 4226 signs
458 4149 530 4208 tnbu
550 4147 615 4208 duri
636 4149 732 4220 iubet,
760 4148 870 4225 quibus
892 4147 979 4206 miles
1001 4146 1039 4205 ed
1060 4147 1145 4206 ruris
1166 4147 1269 4205 munis
1289 4147 1428 4206 facienda
1447 4149 1542 4208 cietur
1561 4143 1601 4218 (ιι.
1616 4136 1653 4194 ¹7·
1742 4139 1743 4208 l

343 4250 408 4325 40).
451 4250 500 4308 Ad
527 4250 710 4328 preelectum
737 4257 895 4309 castrorum
920 4251 1041 4326 positio,
1068 4247 1143 4306 calli
1167 4257 1194 4307 et
1204 4251 1306 4323 sessus
1326 4251 1485 4308 audendo
1502 4240 1652 4325 pmtuedut·

347 4349 542 4411 Tcdsruccule
573 4351 618 4412 ccl
648 4369 732 4411 cosas
757 4352 879 4409 militum
904 4369 967 4410 cum
994 4351 1198 4428 impediremus
1223 4349 1350 4409 omnbus
1375 4359 1445 4409 nutu
1470 4353 1562 4427 ipsius
1584 4353 1653 4400 curo·
1742 4361 1743 4408 ἲ

421 4634 444 4698 ¹)
471 4637 602 4690 Lucienus
618 4636 667 4696 sic
686 4634 729 4688 lsi
744 4636 796 4689 ἰττ.
817 4654 904 4707 cum.
920 4641 963 4702 21,
978 4639 1012 4690 30
1031 4645 1166 4704 postquem
1185 4639 1336 4702 perstrinxit
1353 4653 1407 4702 ecs,
1428 4639 1472 4704 qui
1490 4632 1591 4704 poeticis
1607 4637 1651 4675 rer·

344 4725 385 4776 bls
404 4733 510 4778 utuntur
527 4729 555 4780 ln
572 4729 680 4781 historic
699 4731 847 4794 scribendo,
870 4731 929 4782 illos
949 4744 1050 4796 qnoque
1069 4731 1210 4795 vituperet,
1230 4730 1274 4795 qui
1292 4729 1424 4780 vocubulis
1443 4730 1552 4781 exilibus
1568 4729 1591 4774 tt
1606 4713 1650 4765 '¹¹¹'

342 4815 446 4882 guribus
464 4833 579 4885 qusequc
598 4835 612 4871 c
631 4822 807 4874 mendicorum
825 4821 1010 4874 consuetudine
1029 4821 1122 4872 heusta
1139 4828 1214 4886 putes
1232 4836 1286 4872 non
1302 4821 1455 4884 obstineant,
1475 4815 1652 4884 errempluttlue

343 4907 470 4958 eiusmodi
489 4913 614 4962 sermonis
632 4913 797 4979 improbandi
815 4915 898 4965 sdiert
912 4913 1004 4964 verbs:
1025 4907 1168 4961 tutante
1188 4903 1202 4962 d
1220 4900 1444 4984 στρατοττῒᾶρχης
1456 4910 1490 4978 τῷ
1508 4903 1583 4980 κυρίῳ.
1610 4892 1651 4948 Ubi

343 5013 394 5064 quo
419 4999 581 5064 potissimum
600 5003 627 5052 ln
646 5003 725 5054 rerbo
743 5007 854 5070 positum
874 5007 908 5056 sit
927 5005 1030 5070 vulgare
1049 5003 1127 5066 illud,
1152 5004 1260 5054 multum
1279 5005 1414 5069 litigarunt
1432 5005 1481 5054 viri
1500 5001 1577 5053 docti:
1599 4983 1649 5042 mibi

342 5090 471 5142 Lucienus
490 5091 635 5159 vituperare
653 5093 767 5158 ridetur,
792 5097 862 5162 quod
886 5111 933 5163 pro
958 5083 1097 5162 στρατηγοὶ
1114 5095 1155 5144 rel
1175 5085 1349 5163 στρατηλάτης
1369 5095 1465 5145 dietum
1485 5096 1519 5145 sit
1535 5091 1649 5156 στρατω·

343 5167 455 5252 δίρχητ,
481 5197 528 5248 prc
550 5172 705 5254 αὔτοιρᾶτωρ
724 5186 765 5236 vel
784 5185 886 5252 Καῖσαρ
907 5187 1058 5239 vocabulum
1077 5186 1157 5236 servis
1177 5193 1274 5237 tuntum
1295 5187 1451 5238 conveniens
1469 5173 1555 5256 xdptct·
1588 5173 1650 5224 Μ

342 5263 567 5346 στρατοτιθᾶρχης
585 5271 636 5329 boe
654 5278 713 5329 loeo
730 5291 782 5328 nen
801 5287 839 5328 est
857 5280 1000 5344 preelectus
1020 5284 1169 5330 uestrorum.
