3610 5956
151 621 248 670 sr-eo
576 620 1061 684 vouranrmvrssruaavn.
1433 611 1478 680 21

152 787 200 849 54
225 791 256 848 in
282 790 352 866 ipsa
377 791 475 866 pinea.
518 793 683 853 Praeneste
708 795 738 852 iu
764 793 857 853 fundo
885 795 963 854 dieto
991 796 1021 855 la
1045 797 1219 856 Colombetta
1244 818 1307 877 rep.
1335 819 1374 859 m.
1397 797 1480 877 Sept.

193 909 220 948 a.
240 889 328 951 1868.
372 890 473 951 Hodie
495 897 525 950 ai
541 897 633 970 prati.

650 1029 979 1076 M1N0·cvro1A·L·F

150 1144 314 1206 Henzenus
337 1147 376 1205 ad
397 1155 536 1224 ectypum
559 1147 684 1210 missum
705 1170 723 1209 a
744 1151 784 1210 D.
807 1151 964 1210 Bonannio
986 1151 1069 1210 Ball.
1094 1152 1172 1213 1869
1194 1174 1224 1232 p.
1244 1155 1310 1215 164.

194 1245 241 1306 Oi.
265 1267 293 1306 n.
310 1248 359 1306 50.

150 1449 195 1511 55
223 1453 254 1510 iu
280 1456 414 1531 margine
441 1455 582 1516 inferiore
608 1459 691 1517 basis
717 1459 862 1518 rotundae
886 1460 1002 1536 pineae.
1045 1461 1210 1522 Praeneste
1236 1463 1266 1522 in
1287 1462 1381 1522 sunda
1403 1463 1481 1523 dieto

192 1555 223 1612 la
247 1555 418 1615 &natata
439 1576 502 1634 rep.
525 1578 564 1617 m.
588 1557 671 1634 Sept.
695 1579 721 1618 a.
742 1560 830 1621 1868.
873 1559 972 1619 Hodie
995 1565 1025 1621 oi
1041 1567 1134 1638 prat-t.

745 1695 757 1742 (
777 1708 784 1724 ·
800 1695 889 1738 DiNDI

148 1807 311 1868 Henzenus
338 1809 376 1870 ad
403 1819 542 1891 ectypum
567 1814 692 1874 missum
719 1815 798 1874 aD.
821 1815 979 1874 Bonannio
1002 1817 1083 1876 Ball.
1108 1817 1187 1878 1869
1210 1839 1239 1896 p.
1258 1820 1332 1893 1663
1362 1819 1480 1898 plenius

148 1908 454 1990 Trendelenburgius.

80 2157 86 2165 -
148 2115 196 2176 56
223 2117 254 2177 in
280 2119 347 2178 basi
373 2121 520 2196 quadrata
544 2123 659 2198 pineae.
703 2124 868 2183 Praeneste
893 2125 925 2183 in
951 2125 1045 2184 sundo
1067 2125 1147 2185 dieto
1170 2126 1201 2182 la
1223 2127 1395 2188 Gotorntrlta
1416 2147 1479 2204 rep.

191 2239 230 2278 m.
253 2218 336 2299 Sept.
358 2242 385 2280 a
403 2221 492 2282 1868.
536 2222 635 2283 Hodie
658 2228 688 2284 ot
704 2229 794 2302 proti.

690 2377 731 2420 CN
749 2391 755 2404 ·
771 2376 860 2419 DiNDI
876 2390 884 2405 ·
899 2377 941 2420 CN

921 2460 938 2502 F

146 2573 310 2636 Henzenus
332 2577 372 2636 ad
392 2583 532 2655 eetypum
554 2580 681 2638 missum
703 2597 722 2636 a
742 2578 782 2637 D.
806 2578 965 2638 Bonanoio
986 2579 1069 2639 Bait.
1095 2580 1173 2640 1869
1196 2600 1226 2658 p.
1244 2581 1313 2640 165.

147 2779 195 2841 57
217 2785 248 2842 iu
269 2783 338 2862 ipsa
358 2785 458 2861 pinea.
501 2784 664 2846 Praeneste
684 2806 747 2863 rep.
770 2784 922 2846 Galeassi.

599 2937 642 2980 cu
659 2951 665 2966 ·
682 2937 828 2982 ornnrunr
844 2951 852 2968 ·
866 2938 934 2982 aurs
949 2951 956 2968 ·
973 2924 991 2980 t
1011 2939 1028 2982 r

147 3053 296 3133 Eotypum
318 3057 403 3117 misit
423 3055 585 3116 Henzenus
606 3065 759 3134 acceptum
782 3078 801 3116 a
822 3057 978 3118 Cicerehia
999 3059 1152 3137 ediditque
1172 3051 1255 3120 Ball.
1274 3060 1354 3122 1864
1376 3081 1405 3140 p.
1423 3063 1476 3134 223

146 3164 255 3232 postea
277 3158 352 3216 vidit
373 3159 449 3234 ipse.

187 3272 335 3316 ornnrnnr
367 3279 468 3318 errore
499 3261 643 3336 seriptum
675 3277 743 3318 esee
774 3278 829 3337 pro
862 3276 950 3317 eruor
982 3258 1095 3320 iudicat
1121 3259 1285 3322 Henzenus
1317 3273 1405 3324 reete.
1435 3299 1476 3309 -

146 3357 268 3416 Editunr
290 3367 336 3418 est
355 3359 469 3433 11115115
497 3366 605 3436 postea
625 3359 787 3420 Henzeuus
815 3359 915 3436 lapide
942 3361 1078 3438 inspecto
1106 3361 1208 3420 videre
1236 3363 1294 3421 sibi
1315 3365 1399 3426 visus
1429 3377 1475 3426 est

144 3475 213 3518 ants
228 3490 236 3504 ·
250 3461 300 3520 ts
325 3461 416 3537 idque
443 3480 499 3522 nos
524 3479 644 3540 quoque
670 3463 701 3520 in
722 3471 828 3539 ectypo
850 3462 950 3540 legere
970 3462 1122 3534 videmur,
1147 3464 1360 3542 confirmatque
1381 3466 1475 3527 Treu-

144 3559 367 3639 deieuburgios.

146 3767 192 3827 58
217 3770 248 3827 in
274 3770 409 3848 margine
435 3769 577 3829 inferiore
601 3770 685 3829 basis
710 3770 856 3830 rotundae
882 3770 998 3848 pineae.
1041 3771 1207 3832 Praeneste
1227 3773 1259 3834 in
1280 3775 1373 3834 fundo
1396 3777 1474 3835 dioto

187 3872 217 3928 to
241 3871 414 3930 Colombetlo
434 3890 497 3948 rep.
519 3891 559 3930 m.
584 3869 667 3949 Sept.
689 3889 718 3929 a.
736 3871 825 3931 1868.
867 3870 968 3930 Hodie
989 3876 1020 3932 at
1035 3877 1128 3949 prot-i.

674 4007 950 4052 t·01N010·t·s

143 4123 306 4186 Henzeuus
328 4125 367 4184 ad
388 4133 530 4205 ectypum
550 4127 676 4184 missurn
699 4145 718 4185 a
739 4125 778 4184 D.
801 4126 958 4189 Bonannio
979 4126 1062 4187 Ball.
1088 4127 1166 4188 1869
1188 4147 1218 4206 p.
1236 4129 1305 4189 164.

143 4331 190 4392 69
212 4335 244 4393 in
265 4334 332 4394 basi
353 4332 500 4411 quadrata
519 4335 637 4411 pineae.
673 4333 837 4394 Praeneste
858 4335 888 4393 in
910 4334 1004 4394 fundo
1024 4335 1125 4395 Hann.
1140 4336 1328 4395 Bernardini.
1364 4336 1472 4395 Adhuc

182 4434 303 4494 ibidem·
675 4490 717 4530 a·
734 4486 879 4531 erorervs
893 4501 901 4517 ·
916 4489 943 4531 ra

920 4571 937 4612 r

142 4673 325 4732 Emendavit
345 4672 653 4749 Trendelenburgius.
697 4672 871 4732 Bonannius
894 4672 976 4731 Ball.
1002 4672 1081 4732 1870
1103 4695 1132 4751 p.
1151 4673 1219 4732 106.

182 4775 248 4834 Iam
271 4775 465 4833 confirmetur
486 4775 727 4851 supplementum
749 4774 773 4847 I,
792 4775 850 4834 105
873 4775 1059 4851 propositum
1082 4791 1196 4844 sparsis
1210 4805 1217 4820 ·
1233 4791 1253 4836 c
1267 4805 1274 4820 ·
1289 4791 1315 4834 r.

141 4981 191 5040 60
215 4983 247 5040 in
268 4981 336 5042 basi
357 4982 503 5059 quadrata
522 4982 639 5059 pineae.
675 4981 840 5040 Praeneste
861 4982 892 5040 in
913 4981 1006 5040 fundo
1022 4981 1121 5042 Hann.
1139 4983 1325 5042 Bernardini.
1362 4983 1470 5042 Adhuc
1498 5071 1503 5076 ι

182 5082 305 5142 ibidem.
656 5137 681 5178 a
696 5148 703 5162 ·
718 5132 848 5178 ruotero
864 5148 870 5164 ·
887 5135 928 5179 c·
945 5135 960 5177 s

140 5237 319 5298 Bonannius
340 5238 421 5297 Ball.
446 5239 526 5298 1870
547 5259 577 5316 p.
597 5238 664 5297 106.
