3610 5956
505 659 802 713 oesauvsmouss
819 659 938 711 amsa.
957 660 981 714 1.
1001 660 1041 710 11.
1389 640 1434 710 57

110 833 243 891 medicus
271 840 395 909 propter
420 833 618 891 medicamina
637 829 773 896 Caesari¹
789 832 925 891 facienda
946 849 979 890 se
1002 834 1138 890 vinorum
1160 834 1358 893 Falernorum
1379 835 1436 894 eel-

110 935 155 992 lae
180 933 391 1010 imperatoriae
418 951 573 992 recensum
600 934 708 992 fecisse
730 934 816 992 lectis
839 933 933 992 titulis
956 934 1098 1010 primum,
1125 943 1158 992 ut
1178 955 1233 1012 par
1254 943 1319 994 erat
1339 937 1438 995 erudi-

110 1043 172 1092 tum
192 1035 306 1105 tacere,
328 1033 448 1104 deinde,
475 1044 508 1092 ut
529 1036 655 1094 decebat
678 1035 772 1092 virum
794 1035 969 1110 prudentem
992 1046 1022 1092 et
1043 1045 1172 1108 cautum,
1195 1056 1233 1094 ne
1254 1037 1332 1095 tituli
1354 1036 1438 1096 falle·

109 1144 185 1206 rent,
214 1137 387 1214 gustatione
408 1137 558 1207 instituta,
584 1135 758 1210 videturque
780 1154 840 1193 non
863 1135 926 1193 sine
948 1135 1057 1193 idonea
1078 1155 1171 1194 eausa
1196 1148 1297 1198 sancte
1319 1157 1439 1197 asseve-

109 1253 174 1295 rare
195 1237 312 1312 optima
332 1255 469 1314 quaeque
491 1237 688 1314 undecunque
710 1236 748 1294 ad
769 1237 964 1310 imperatores
979 1237 1087 1294 afferri.
1124 1237 1223 1297 Huius
1239 1239 1439 1314 expeditionis

111 1337 164 1396 etsi
190 1340 332 1398 comitem
354 1337 467 1398 Ursum
493 1339 588 1396 luisse
613 1338 727 1395 nullum
754 1336 894 1395 indicium
921 1347 981 1408 est,
1012 1357 1071 1396 non
1099 1339 1198 1398 minus
1226 1348 1304 1398 recte
1327 1340 1439 1398 amicos

110 1437 210 1498 iubere
230 1441 331 1516 potuit
351 1447 479 1498 statuam
503 1439 690 1498 sibilantem
712 1437 807 1496 hilare
829 1438 979 1496 celebrare
1002 1439 1077 1497 vinis
1100 1459 1166 1497 oum
1189 1457 1296 1516 genere
1318 1440 1439 1519 optimis

111 1545 170 1598 tum
192 1540 379 1617 depromptis
402 1559 441 1600 ex
463 1541 540 1599 celle
561 1559 597 1598 ea
619 1557 696 1617 quae
718 1540 851 1598 omnium
872 1539 1082 1598 laudatissima
1103 1540 1167 1600 tuit.

673 1735 878 1746 ..ι-...οσ-

530 1928 570 1986 ll.
614 1927 671 1986 DE
693 1925 825 1987 IVNIIS
849 1924 1025 1986 SILANIS.

191 2064 347 2123 iuniorum
364 2061 535 2125 Silanorum
557 2065 662 2122 domus
684 2083 737 2138 per
759 2063 818 2121 duo
840 2063 959 2121 saecula
979 2062 1090 2121 liberae
1111 2063 1291 2140 reipublicae
1307 2072 1442 2124 extrema

114 2166 270 2240 splendida
297 2174 326 2222 et
352 2166 407 2224 sub
434 2165 665 2243 imperatoribus
687 2163 772 2221 Iuliis
795 2183 848 2240 per
869 2163 1046 2221 affinitatem
1069 2165 1225 2241 cumipse
1252 2164 1366 2224 familia
1386 2166 1440 2224 im-

113 2267 260 2342 peratoria
287 2266 376 2326 etiam
402 2267 499 2343 magis
526 2267 682 2324 nobilitata
706 2265 777 2324 lieet
802 2273 1003 2324 enarratorem
1025 2273 1113 2322 nacta
1134 2264 1172 2323 sit
1195 2283 1341 2323 summum
1365 2265 1441 2325 Bor·

113 2367 244 2444 ghesium
268 2367 299 2426 in
322 2367 534 2427 commentario
557 2367 641 2444 (opp.
663 2366 759 2424 volb
781 2384 810 2440 p.
830 2363 1006 2440 161-233)
1029 2365 1141 2444 scripto
1163 2383 1190 2422 a.
1209 2365 1303 2437 1849,
1332 2375 1441 2426 retrac-

114 2469 220 2528 tatione
240 2469 276 2526 id
298 2477 425 2528 stemma
439 2469 487 2527 vel
508 2468 637 2527 maxime
658 2467 780 2543 indiget,
803 2485 870 2524 cum
890 2467 993 2524 nescio
1014 2484 1075 2542 qua
1094 2466 1150 2524 lati
1171 2465 1286 2524 invidia
1307 2487 1346 2526 ex
1367 2468 1442 2527 locis

114 2577 269 2628 auctorum
297 2570 468 2645 depravatis
495 2569 650 2644 titulisque
677 2568 755 2626 male
779 2567 864 2626 lectis
891 2566 926 2624 in
948 2568 1028 2625 hunc
1055 2565 1175 2644 quidem
1198 2569 1443 2628 commentarium

115 2671 228 2746 plurimi
256 2670 490 2749 gravissimique
511 2689 627 2728 errores
649 2688 682 2728 se
702 2669 920 2728 insinuaverint
941 2687 1000 2726 non
1023 2686 1127 2726 omnes
1149 2668 1245 2725 adhuc
1267 2669 1444 2746 deprehensi

116 2773 292 2848 sublatique.
332 2771 412 2831 Nam
435 2773 472 2830 de
494 2769 607 2832 Silanis
629 2771 748 2847 quidem
770 2770 821 2846 qui
844 2770 984 2828 vixerunt
1005 2779 1074 2828 ante
1095 2769 1265 2846 Augustum
1287 2771 1361 2846 quid
1382 2792 1443 2830 non

115 2883 189 2931 recte
204 2873 342 2949 posuerit
355 2872 553 2949 Borghesius,
575 2871 649 2930 satis
672 2873 909 2930 demonstratum
932 2879 977 2929 est
998 2889 1063 2929 eum
1086 2870 1124 2928 ab
1147 2869 1214 2928 aliis
1235 2878 1297 2929 tum
1314 2871 1443 2930 maxime

116 2973 151 3030 ab
172 2973 293 3050 egregio
315 2973 543 3051 inscriptionum
562 2972 798 3031 Lebasianarum
819 2980 990 3030 enarratore
1006 2971 1243 3049 Waddingtonio
1265 2971 1303 3030 ad
1325 2973 1443 3031 titulum

117 3075 301 3150 Mylasenum
324 3095 352 3132 n.
365 3075 425 3133 409
448 3084 478 3132 et
498 3074 557 3132 iam
580 3076 610 3133 in
633 3091 750 3132 summa
771 3093 804 3131 re
824 3073 854 3130 in
877 3073 1085 3131 adnotationes
1099 3081 1250 3147 receptum
1267 3072 1304 3128 ad
1319 3073 1444 3131 alteram

117 3173 312 3252 Borghesiuni
335 3176 540 3234 commentarii
561 3175 722 3234 editionem
744 3173 884 3250 operibus
906 3175 970 3231 eius
989 3174 1130 3231 insertam
1151 3171 1299 3243 adiectas3
1322 3183 1353 3231 at
1367 3192 1445 3249 quae

118 3277 301 3334 emendanda
326 3276 388 3335 sint
412 3277 442 3334 in
468 3285 553 3353 parte
581 3295 630 3346 ea,
658 3293 734 3351 quae
762 3281 877 3348 spectat
903 3273 941 3331 ad
969 3275 1142 3350 Augustum
1170 3273 1296 3346 eiusque
1324 3290 1445 3333 succes·

119 3394 212 3451 sores,
240 3397 311 3437 eum
337 3396 423 3436 nemo
450 3377 599 3448 docuerit,
621 3376 771 3435 communi
798 3374 938 3451 opinione
958 3385 1080 3449 recepta
1100 3373 1226 3432 redeunt
1247 3373 1345 3431 adhuc
1366 3374 1445 3449 apud

119 3497 231 3550 omnes,
259 3479 314 3554 qui
340 3488 476 3554 tempora
500 3497 537 3536 ea
562 3478 789 3535 illustraverunt
809 3484 986 3533 auctoresve
1007 3493 1110 3532 eorum
1132 3485 1300 3550 temporum
1322 3473 1444 3532 adnota-

119 3588 229 3653 verunt,
250 3587 405 3655 tamquam
428 3578 596 3638 certissima
621 3593 652 3636 et
673 3589 760 3637 extra
781 3595 899 3635 omnem
919 3575 1132 3634 dubitationem
1155 3575 1263 3650 posita.
1305 3571 1396 3647 Quod
1418 3576 1445 3633 si

120 3677 148 3734 in
168 3680 244 3738 viris
267 3690 349 3738 esset
370 3680 569 3756 Borghesius,
598 3680 664 3754 ipse
690 3678 801 3736 dudum
826 3677 916 3735 telam
938 3676 1133 3748 retexuisset3
1162 3675 1324 3733 eratenim
1347 3694 1386 3733 ex
1407 3675 1445 3736 iis

121 3780 169 3853 qui
190 3779 259 3838 dum
283 3782 387 3838 vivunt
407 3781 574 3838 addiscunt.
612 3780 676 3836 Iam
698 3779 737 3837 ad
751 3797 806 3838 nos
822 3778 850 3836 id
866 3785 991 3855 spectat,
1013 3797 1110 3853 neque
1126 3795 1262 3834 veremur
1278 3775 1446 3835 convellere

121 3897 194 3954 quae
215 3881 330 3958 posuit;
359 3881 429 3939 novi
450 3881 528 3938 enim
551 3898 607 3956 ego
630 3881 725 3938 virum
748 3888 883 3938 sanetum
906 3888 935 3938 et
958 3879 1014 3936 hoe
1035 3879 1097 3936 scio
1119 3879 1217 3954 ipsum
1238 3893 1293 3951 pro
1315 3875 1446 3953 ingenuo

121 3981 190 4052 veri,
210 4001 271 4040 nou
291 3983 337 4039 sui
354 3983 453 4041 studio
468 3982 564 4058 magis
579 3983 755 4057 plausurum
769 3981 866 4040 fuisse
880 3980 928 4054 iis,
944 3981 996 4056 qui
1011 3978 1212 4038 monumentis
1227 3985 1334 4055 postea
1347 3996 1446 4053 reper-

123 4080 159 4139 tis
173 4081 267 4141 edocti
282 4102 339 4142 sua
353 4082 552 4153 emendarent,
568 4101 656 4159 quam
673 4083 723 4158 qui
739 4083 945 4157 compilarent.
984 4077 1043 4140 Sed
1059 4079 1095 4138 de
1110 4080 1177 4154 ipsa
1192 4098 1224 4136 re
1240 4077 1403 4136 videamus.

201 4185 281 4243 Tota
308 4185 445 4260 quaestio
471 4183 510 4243 ab
536 4202 572 4242 eo
595 4183 718 4259 pendet,
743 4183 864 4259 quinam
887 4181 1011 4240 maritus
1031 4179 1123 4238 fuerit
1144 4177 1292 4236 Aemiliae
1312 4176 1445 4253 Lepidae

122 4285 272 4361 proneptis
294 4285 425 4363 Augusti
451 4294 523 4343 natu
549 4285 713 4355 maximae,
741 4283 824 4342 cuius
851 4283 980 4340 maiores
1007 4281 1194 4356 posterique,
1223 4295 1298 4354 ques
1325 4275 1445 4352 quidem

123 4385 208 4444 certis
230 4393 260 4444 et
281 4385 456 4445 indubitatis
478 4395 632 4444 auctorum
654 4385 835 4442 testimoniis
857 4383 984 4441 traditos
1004 4382 1178 4452 habeamus,
1200 4378 1231 4436 hi
1254 4385 1332 4436 sunt.

720 4504 876 4579 Augustus

477 4671 518 4730 M.
542 4670 679 4747 Agrippa
701 4692 739 4720 υ
761 4586 842 4728 luiia
860 4676 932 4726 nata
945 4685 972 4724 a.
986 4665 1056 4737 715,
1072 4672 1165 4740 nupta
1180 4682 1208 4722 a.
1221 4660 1280 4720 733

234 4833 271 4892 L.
294 4835 441 4894 Aemilius
462 4835 596 4912 Lepidus
618 4858 656 4884 υ
680 4835 761 4894 Iulia
781 4841 852 4892 nata
872 4851 897 4892 c.
920 4851 947 4890 a.
964 4829 1023 4889 735

176 4935 240 4977 cos.
252 4935 280 4976 a.
290 4937 318 4976 u.
327 4937 352 4977 c.
358 4919 422 4977 '754
431 4945 469 4969 =
477 4939 507 4996 p.
517 4917 588 4978 Chr.
598 4918 613 4975 l

471 5114 600 5134 ......
623 5094 662 5122 υ
685 5071 815 5130 Aemilia
835 5067 951 5145 Lepida
974 5076 1047 5126 nata
1067 5086 1093 5126 c.
1108 5085 1136 5126 a.
1153 5068 1210 5126 751

348 5252 1139 5287 μ--ι--κ--ι--ῇ

269 5289 309 5346 Μ.
333 5287 454 5350 Silanus
1027 5281 1062 5341 L.
1086 5279 1209 5342 Silanus

146 5379 232 5429 uatus
255 5389 283 5430 a
300 5371 357 5430 767
375 5397 412 5423 =
428 5391 457 5449 p.
470 5370 541 5431 Chr.
557 5372 595 5429 14
786 5383 916 5444 sponsus
938 5363 1082 5425 Octaviae
1104 5363 1225 5424 Claudii
1245 5362 1316 5439 imp.
1338 5361 1426 5420 filisa
