3546 5950
431 1204 502 1315 Ile
540 1125 856 1336 quorundam
892 1193 1236 1310 aedificiorum
1270 1194 1588 1333 publicorum

720 1369 863 1482 urbis
900 1369 1087 1481 Romae
1124 1366 1306 1481 titulis.

910 1655 1113 1665 ...η-...-

999 1849 1025 1906 1.

432 1967 469 2025 In
495 1967 695 2045 topographia
720 1969 804 2026 urbis
825 1954 940 2027 Romae
954 1967 1004 2030 ‚de
1023 1966 1129 2044 paucis
1148 1967 1240 2026 rebus
1263 1965 1468 2025 vehementius
1488 1963 1670 2041 disputatum

349 2077 398 2127 est
421 2084 514 2143 quam
539 2067 577 2125 de
603 2066 720 2126 duobus
740 2066 801 2126 illis
823 2067 944 2144 templis
964 2066 1042 2126 inter
1062 2064 1246 2144 Capitolium
1267 2075 1297 2124 et
1317 2066 1416 2125 lorum
1436 2065 1608 2126 Romanum
1627 2065 1670 2124 vel

349 2167 505 2226 basilicam
518 2162 626 2226 Iuliam
647 2166 725 2239 sitis,
747 2185 874 2242 quorum
892 2167 972 2226 baud
994 2184 1106 2244 parvae
1127 2166 1272 2242 reliquiae
1292 2174 1463 2243 supersunt
1500 2163 1578 2224 Cum
1597 2164 1670 2224 anim

349 2267 475 2327 alterum
491 2283 559 2326 esse
574 2265 707 2338 Saturni,
729 2266 855 2326 alterum
869 2265 1052 2344 Vespasiani
1067 2274 1228 2339 constaret,
1250 2272 1348 2326 utrum
1363 2265 1556 2343 Vespasiani,
1578 2273 1671 2324 utrum

350 2365 472 2428 Saturni
493 2377 573 2426 esset
593 2366 710 2426 diverse
726 2367 905 2427 iudicarunt.
940 2366 1002 2429 Sed
1016 2387 1056 2428 ex
1074 2367 1176 2428 multis
1191 2368 1291 2440 rebus,
1305 2369 1414 2444 quibus
1429 2366 1461 2424 in
1474 2366 1672 2441 disputatione

349 2467 398 2526 usi
419 2473 498 2541 sunt,
519 2485 580 2527 una
599 2466 718 2526 videtur
739 2467 877 2528 sufficere
898 2468 938 2528 ad
958 2467 1166 2545 quaestionem
1187 2468 1372 2536 solvendam.
1416 2465 1477 2542 Qui
1497 2467 1576 2527 enim
1599 2466 1672 2527 tituli

348 2568 381 2626 in
401 2567 522 2645 templis
543 2567 632 2628 incisi
652 2567 778 2642 fuerint,
801 2568 840 2631 iis
862 2587 939 2646 quae
961 2589 1041 2630 nunc
1061 2577 1224 2648 supersunt
1245 2578 1371 2646 atquae
1391 2568 1463 2627 olim
1485 2577 1594 2628 auctor
1613 2567 1672 2626 ido-

349 2685 423 2727 neus
443 2668 519 2744 legit
538 2669 720 2744 comparatis
742 2678 803 2728 tam
824 2679 962 2730 mannate
982 2671 1122 2748 cognosci
1142 2677 1252 2748 potest,
1277 2679 1312 2730 ut
1331 2670 1369 2730 de
1390 2668 1570 2748 templorum
1593 2669 1670 2745 ipso·

348 2785 416 2825 rum
435 2768 606 2827 nominibus
626 2768 822 2829 diiudicatum
843 2770 893 2830 sit
1615 2826 1620 2838 .

431 2867 631 2927 Interiorum
651 2868 819 2942 Romanum
842 2880 872 2930 et
886 2869 1071 2949 Capitolium
1091 2873 1150 2932 tria
1169 2872 1292 2932 omnino
1312 2871 1432 2932 luerunt
1451 2871 1579 2948 templa3
1603 2871 1672 2943 eius,

349 2967 430 3042 quod
456 2969 626 3042 proximum
651 2968 709 3029 fuit
734 2970 878 3030 basilicae
906 2970 1017 3045 lullae,
1040 2982 1203 3051 supersunt
1228 2980 1295 3033 octo
1316 2973 1487 3045 columnae,
1512 2972 1603 3031 iuxta
1621 2971 1673 3029 luit

349 3065 425 3125 illud
445 3068 530 3127 ouius
551 3088 629 3128 nnnc
651 3077 732 3129 stant
751 3079 814 3130 tres
836 3072 1008 3144 columnae,
1034 3074 1066 3132 id
1090 3073 1208 3150 excepit
1228 3074 1371 3150 templum
1392 3073 1480 3133 cuius
1500 3091 1582 3132 nunc
1603 3071 1672 3130 nibil

349 3175 487 3245 superest
507 3167 565 3228 nisi
585 3169 787 3230 fundamenta
823 3174 922 3249 Atque
943 3173 1001 3232 hoo
1021 3175 1142 3250 quidem
1158 3171 1344 3234 Concordiae
1365 3191 1483 3234 sacrum
1497 3173 1596 3234 fuisse
1609 3191 1673 3232 con·

349 3275 420 3339 stat,
441 3268 561 3329 illorum
575 3269 702 3331 alterum
717 3269 859 3346 Saturno,
880 3273 1007 3332 alterum
1019 3273 1218 3351 Vespasiano.
1253 3274 1291 3333 In
1305 3291 1341 3334 eo
1355 3281 1464 3347 autem,
1482 3275 1563 3351 quod
1578 3276 1672 3353 primo

347 3368 416 3427 loco
437 3371 541 3446 posui,
565 3371 716 3448 zophorus
740 3368 889 3450 frontis¹)
915 3375 1031 3451 integer
1052 3385 1190 3452 superest
1209 3374 1239 3434 in
1261 3392 1357 3454 eoque
1378 3373 1476 3435 incisa
1495 3384 1563 3435 sunt
1587 3376 1671 3436 baso:

725 3505 860 3551 SENATVS
876 3521 883 3537 ·
899 3505 1104 3565 rovastya
1119 3523 1127 3540 ·
1142 3507 1296 3553 ROMANVS

725 3606 891 3652 incenato·
901 3606 1134 3654 CONSVMPTVM·
1142 3608 1297 3654 RESTl‘l'VlT

348 3701 399 3761 Ex
419 3702 542 3765 alterius
561 3704 660 3766 fronte
681 3715 819 3786 superest
838 3712 964 3787 aopbori
985 3731 1022 3772 ea
1041 3730 1112 3791 pars
1133 3729 1209 3789 quae
1229 3711 1286 3771 fuit
1298 3729 1390 3790 supra
1407 3721 1572 3773 extromum
1588 3713 1671 3772 inter

349 3801 531 3861 columnium
549 3805 581 3863 in
595 3824 689 3882 eaque
702 3809 817 3869 incisae
831 3822 902 3871 sunt
914 3812 1031 3872 litterae
1045 3828 1195 3872 asrrwatc
1231 3812 1274 3871 At
1289 3813 1340 3889 qui
1355 3815 1476 3875 saeculo
1490 3815 1553 3874 lere
1568 3823 1671 3874 oetam

349 3911 607 3990 monumentorum
632 3908 715 3968 urbis
734 3908 849 3970 Romae
874 3910 979 3972 titulos
1005 3912 1164 3990 descripsit
1182 3912 1266 3989 ipsas
1287 3914 1465 3991 templorum
1486 3914 1611 3975 illorum
1631 3915 1670 3972 in·

350 4001 530 4078 scriptiones
551 4006 729 4084 integriores
743 4009 831 4082 vidit3
853 4011 885 4070 in
906 4012 1009 4072 codice
1030 4012 1108 4072 enim
1128 4013 1193 4072 eius
1205 4013 1407 4074 Einsiedlensi
1422 4015 1468 4074 sic
1481 4015 1669 4075 exhibentur:

349 4104 380 4160 in
404 4102 545 4178 Capitolio
567 4104 614 4182 (1)
634 4121 774 4168 sannrvs
793 4124 978 4184 roevnst·
991 4128 1144 4172 nonanus
1163 4128 1316 4174 incenato
1336 4127 1555 4175 consvarrvn
1574 4131 1670 4175 aesni-

349 4217 418 4261 τνιτ
438 4202 485 4281 (a)
501 4220 578 4266 urvo
589 4197 780 4268 vssrnsrano
791 4224 936 4270 nvovsro
952 4225 1122 4283 s·r·0‚·n
1141 4210 1188 4289 (a)
1200 4229 1270 4272 rnen
1282 4243 1290 4258 ·
1302 4227 1394 4272 caess
1406 4242 1414 4258 ·
1425 4229 1557 4273 srvarvs
1568 4232 1607 4273 ur
1617 4232 1670 4272 an-

349 4315 490 4362 nonrnvs
502 4333 509 4349 ·
522 4321 560 4363 ru
574 4322 656 4367 saure
666 4336 674 4352 ·
686 4324 750 4368 nvo
765 4324 1008 4369 nssrrrvnavnr·
1032 4311 1078 4389 (4)
1093 4327 1109 4370 s
1121 4340 1128 4356 ·
1140 4329 1156 4370 a
1167 4342 1175 4358 ·
1187 4329 1230 4386 Q,-
1242 4330 1275 4372 a·
1286 4330 1389 4372 nunant
1403 4328 1608 4375 conconorns
1622 4331 1670 4374 vs·

351 4415 485 4462 rvsrnrn
505 4419 688 4492 commeare
707 4423 739 4466 m
758 4424 919 4469 neutonam
937 4426 1048 4470 sacrm
1062 4427 1158 4471 orsae
1173 4428 1210 4470 ar
1226 4428 1327 4472 cvurv
1341 4429 1562 4475 sanunnrnrone
1579 4431 1668 4474 rasn-

351 4514 507 4561 nvanvrer.
543 4503 629 4564 Haeo
648 4506 818 4585 quicunque
839 4509 887 4568 vel
909 4510 1088 4571 mediocrem
1108 4512 1231 4590 linguae
1250 4512 1377 4573 Latinae
1395 4505 1554 4574 ‘scientiam
1575 4515 1671 4584 habat,

350 4597 439 4658 lacile
463 4601 610 4679 intellegit
635 4614 774 4667 constare
795 4628 835 4668 ex
856 4615 997 4685 quattuor
1017 4610 1277 4690 inscriptionibus,
1303 4631 1380 4690 quas
1401 4615 1533 4675 numeris
1548 4613 1672 4674 insertis

352 4697 505 4758 distinxi..
527 4700 628 4778 Atque
654 4705 788 4766 nltimam
814 4708 932 4784 quidem
961 4717 1072 4770 certum
1100 4720 1148 4771 est
1175 4712 1270 4772 fuisse
1295 4713 1328 4772 in
1354 4713 1420 4775 eius
1441 4715 1546 4791 templi
1567 4715 1671 4783 fronte,

351 4797 438 4856 cuius
465 4817 544 4859 nunc
570 4801 764 4866 fundamenta
789 4816 906 4867 tantum
931 4819 1107 4886 supersunt3
1135 4811 1234 4890 prima
1259 4819 1344 4872 extat
1370 4813 1402 4870 in
1427 4815 1562 4891 zophoro
1592 4812 1670 4872 aedis

352 4903 421 4955 octo
446 4897 667 4975 columnarum
693 4907 812 4967 tertiam
838 4908 934 4969 fnisse
960 4910 993 4970 in
1012 4910 1147 4988 zophoro
1167 4910 1250 4972 aedis
1271 4913 1360 4972 trium
1380 4913 1585 4973 columnarum
1605 4913 1670 4972 ideo

353 5038 557 5053 *—

429 5115 452 5178 ¹)
480 5118 544 5172 Esse
568 5121 679 5174 nonum
702 5139 755 5177 non
772 5127 897 5191 posticam
917 5145 974 5181 cnm
993 5130 1057 5183 allas
1077 5132 1110 5183 ob
1128 5145 1170 5182 ros
1187 5131 1321 5198 probabile
1339 5139 1378 5184 est
1395 5139 1449 5184 tum
1467 5132 1529 5184 ideo
1547 5132 1616 5198 quod
1634 5131 1669 5180 in·

352 5206 445 5270 scripta
463 5215 509 5260 est.
