3546 5950
448 614 498 666 on
515 613 781 667 sanmrcroevus
797 612 904 666 vinus
920 613 1075 668 urruns.
1335 598 1422 694 Ι121
1514 675 1521 684 ,

102 785 224 845 Dudum
244 786 430 848 intellectum
451 794 498 847 est
519 803 586 846 esse
600 792 715 864 partem
730 787 811 847 tituli
825 803 912 846 arcus
927 786 1117 862 triumphalis
1131 785 1204 844 laeti
1219 784 1348 847 Claudio
1362 789 1426 848 Au·

103 897 189 964 gusto
212 907 231 946 a
252 895 357 946 senatu
377 888 549 966 populoque
568 887 706 947 Romano
727 895 850 964 propter
871 886 1018 950 devictam
1032 886 1228 946 Britanniam.
1263 887 1300 946 In
1323 890 1426 950 eodem

103 997 291 1048 autumares
314 989 444 1048 dubitari
465 1008 525 1048 non
547 995 654 1065 potest,
676 988 756 1064 quod
779 989 876 1047 mhue
897 983 1033 1048 homines
1048 986 1154 1047 doctos
1169 987 1286 1047 videtur
1302 971 1427 1067 fugisse,

103 1089 171 1166 quin
185 1088 298 1148 luerint
310 1089 456 1165 reliquiae
472 1088 543 1148 illae
558 1089 623 1148 sive
637 1089 725 1148 unius
740 1089 861 1148 tabulae
870 1067 1002 1166 'magnae
1015 1107 1200 1148 marmoreae
1216 1089 1280 1150 sive
1295 1091 1427 1168 plurium

103 1196 236 1266 repertae
256 1191 351 1249 multo
372 1198 452 1263 ante,
473 1190 504 1248 in
525 1191 634 1267 quibus
655 1189 802 1267 inscripta
816 1190 865 1249 vel
885 1208 966 1250 nunc
981 1196 1086 1250 extant
1100 1191 1149 1249 vel
1163 1199 1251 1248 antea
1264 1192 1429 1251 extiterunt

102 1292 222 1350 nemina
247 1292 355 1351 domus
377 1289 524 1360 Claudiae
549 1310 620 1350 casu
644 1290 746 1350 dativo
768 1290 848 1350 alind
869 1299 991 1369 propter
1013 1290 1095 1350 aliud
1115 1291 1231 1368 posita,
1255 1290 1428 1352 Germanioi

102 1391 217 1463 framis,
244 1393 396 1454 Antoniae
420 1393 540 1464 matris,
566 1392 752 1470 Agrippinae
779 1393 900 1463 uxoris,
922 1390 1055 1453 Neronis
1075 1392 1147 1464 filii,
1170 1390 1316 1452 Octaviae
1337 1393 1427 1454 filiae.

103 1491 220 1552 Tabula
241 1512 278 1552 ea
298 1513 376 1570 qnae
397 1495 529 1554 eontinet
549 1494 670 1554 nemina
687 1492 847 1567 Antoniae,
862 1493 1060 1570 Agrippinae,
1075 1491 1206 1552 Neronis
1228 1493 1324 1553 adhue
1345 1502 1430 1554 extat

102 1593 132 1650 in
152 1613 259 1654 museo
274 1593 455 1673 Capitolino,
477 1595 582 1654 titulos
599 1594 691 1653 edidit
704 1601 822 1670 praeter
836 1594 911 1653 alios
928 1593 1079 1654 Gruterus
1101 1614 1130 1671 p,
1147 1593 1217 1665 236,
1233 1593 1250 1652 9
1266 1601 1297 1653 et
1311 1595 1382 1668 238,
1399 1593 1428 1654 6.

102 1694 171 1754 Illas
192 1696 274 1755 enim
283 1741 285 1746 .
295 1696 412 1756 tabulas
434 1716 496 1755 non
517 1697 614 1756 solum
629 1714 671 1753 ex¹
682 1694 787 1753 eodem
801 1695 879 1768 loen,
901 1694 952 1753 ubi
965 1695 1071 1754 titulus
1086 1692 1207 1754 Claudii
1221 1702 1358 1772 repertus
1372 1703 1429 1769 est,

103 1796 253 1872 prodiisse
275 1796 445 1873 complures
466 1803 622 1870 testantur,
644 1795 698 1855 sed
712 1795 866 1854 Manutius
888 1797 920 1854 in
942 1795 1043 1854 eodice
1057 1794 1206 1855 Vaticano
1229 1795 1309 1854 5237
1331 1795 1353 1854 f.
1371 1796 1429 1856 147

104 1904 203 1956 auctor
226 1907 274 1958 est
294 1916 347 1958 eas
369 1899 464 1958 luisse
484 1899 516 1956 in
537 1917 610 1957 aren
632 1897 762 1974 quodam
783 1897 831 1955 his
847 1896 947 1956 verbis
968 1914 1042 1956 usus
1057 1897 1251 1974 aetiopiam
1263 1898 1294 1955 di
1308 1897 1431 1957 Seiurra

98 1997 136 2070 su
155 2001 296 2058 monneto
317 2019 374 2059 ooo
395 2017 464 2060 arco
485 2001 517 2057 di
534 1997 657 2059 Cmudio
679 2003 848 2074 imperatore
868 1997 966 2057 l'aooo
980 1997 1059 2057 1562
1080 2016 1133 2056 eon
1151 2007 1246 2074 queste
1264 2001 1430 2070 iseritttooi3

104 2098 230 2158 subiecit
256 2117 309 2158 eos
334 2101 436 2160 titulos
458 2099 625 2176 dequibus
647 2099 783 2158 dicimus.
827 2099 1021 2159 Manifestum
1042 2104 1089 2156 est
1108 2098 1201 2176 igitur
1222 2117 1324 2157 areum
1344 2098 1430 2158 illum

104 2199 312 2276 triumphalem
341 2200 509 2260 dedicatum
536 2200 631 2261 faisse
658 2198 786 2260 Claudio
815 2200 976 2276 domuique
1004 2197 1132 2257 Claudii.
1175 2196 1302 2257 Videtur
1330 2207 1430 2258 autem

105 2299 149 2358 hie
168 2308 201 2360 ut
219 2301 393 2362 Ticinensis
408 2303 549 2380 Augusti,
569 2302 607 2362 de
628 2320 688 2378 quo
709 2300 853 2360 disseruit
865 2294 1084 2376 Mommsen1),
1106 2299 1203 2359 fuisse
1221 2319 1257 2359 ea
1270 2300 1377 2371 forma,
1398 2310 1432 2359 ut

105 2412 219 2476 praeter
241 2411 372 2464 statuam
392 2404 582 2482 imperatoris
603 2403 700 2480 ipsius
721 2411 846 2462 ornatus
869 2409 949 2462 esset
970 2401 1079 2460 statuis
1101 2418 1204 2459 eorum
1221 2400 1272 2477 qui
1287 2420 1327 2460 ex
1342 2401 1431 2461 domo

105 2503 167 2562 eius
188 2512 284 2564 erant.

183 2603 256 2666 Una
281 2625 348 2666 cum
372 2607 484 2667 tabulis
505 2622 582 2682 quas
603 2604 846 2682 supradiximus
868 2612 988 2680 reperta
1008 2609 1079 2661 sunt
1098 2602 1267 2680 fragmenta
1287 2603 1432 2661 nonnulla

104 2723 178 2780 quae
191 2707 284 2766 ceteri
298 2708 466 2768 describere
480 2707 654 2780 omiserunt,
676 2723 753 2766 unus
773 2705 933 2784 descripsit
946 2702 977 2763 N
979 2703 1093 2764 icolans
1107 2704 1292 2776 Florentius,
1314 2721 1431 2762 eorum·

105 2824 160 2881 que
180 2809 322 2885 exempla
341 2810 424 2869 misit
444 2816 474 2867 et
490 2808 660 2879 Torrentio,
681 2807 714 2866 in
734 2807 819 2868 cuins
840 2807 943 2866 codice
962 2804 1156 2865 Bruxellensi
1178 2805 1336 2864 extantia
1356 2804 1432 2864 lolio

106 2909 210 2983 primo,
234 2917 264 2969 et
283 2908 402 2989 Pighio,
423 2910 509 2969 cuius
531 2909 626 2968 codici
647 2908 837 2970 Berelinensi
859 2909 973 2968 inserta
995 2915 1065 2968 sunt
1084 2906 1116 2966 in
1137 2906 1246 2966 i103.
1282 2904 1432 2984 Exempla

106 3011 328 3072 amuratissime
348 3011 468 3088 depicta
488 3012 564 3070 haec
585 3017 668 3070 sunt:

387 3161 492 3340 &p
785 3219 797 3233 .
1082 3193 1125 3238 ao

413 3296 456 3324 Ἀ
529 3361 540 3376 ⁸
736 3289 870 3341 unu-xi
1007 3345 1010 3348 ,
1078 3293 1140 3337 v1r

752 3400 830 3443 rrum
1078 3382 1111 3438 m

761 3499 828 3544 von

109 3655 192 3730 Quae
219 3659 247 3718 si
273 3658 433 3718 contuleris
455 3676 523 3718 eum
545 3673 654 3734 magno
675 3654 729 3714 illo
750 3655 919 3732 fragmento
942 3673 969 3712 a.
988 3653 1065 3714 1641
1090 3652 1195 3712 eodem
1216 3651 1284 3710 loco
1305 3658 1435 3728 reperto,

109 3757 264 3840 intelleges
290 3761 452 3838 particulas
473 3759 569 3818 luisse
589 3757 723 3818 eiusdem
745 3755 833 3815 tituli.
877 3754 993 3814 Harum
1016 3773 1073 3832 ope
1094 3753 1121 3814 is
1143 3754 1174 3812 in
1194 3754 1272 3812 hane
1291 3751 1354 3812 iere
1375 3749 1435 3810 lor·

110 3879 185 3921 mam
207 3862 325 3921 videtur
345 3862 463 3924 restitui
485 3876 589 3937 posse:

449 4014 488 4074 τι
524 4034 532 4052 ·
566 4012 732 4072 cusvea
775 4007 915 4087 annes.
953 4009 1094 4071 caesara

580 4113 747 4173 AVGVato
771 4110 966 4188 qmnansco

451 4230 603 4276 ronrmcc
642 4231 738 4274 maana
774 4231 822 4272 orn.
854 4228 980 4282 persam
1017 4241 1025 4256 ·
1060 4218 1096 4270 tr‘r

508 4323 709 4384 cos-vorm.
727 4313 821 4390 ari(?)
839 4332 904 4382 patri
921 4329 1037 4383 paratur

394 4439 407 4478 t
451 4433 584 4478 SENATVS
619 4446 627 4462 ·
664 4430 809 4484 tonsarum
852 4429 972 4472 ROmnnua
1015 4427 1096 4483 qvos>

510 4535 625 4578 11ΕῦΕ5·
642 4533 786 4575 ltltl'ranstat
805 4532 834 4572 111
849 4543 857 4558 ·
872 4530 974 4574 Deutctoa
995 4531 1041 4572 cine

510 4636 600 4678 VLLA·
613 4632 742 4678 racrvna
753 4633 778 4674 Ο
791 4631 921 4675 deditionem
935 4632 1041 4683 anement

453 4735 636 4791 GENTESQIE
679 4743 687 4764 ·
731 4733 845 4774 Barbaros
892 4736 952 4772 tram
995 4739 1097 4772 otccwm

453 4819 624 4880 valetus-ne
647 4833 772 4877 viciosum
789 4833 867 4885 populi
888 4831 973 4873 remant
994 4831 1098 4882 ructaverit

194 5141 217 5202 Ι)
244 5142 362 5195 Berichte
381 5145 426 5194 der
444 5143 527 5195 siclus.
546 5141 689 5196 (iesellseh.
708 5140 734 5191 d.
748 5139 827 5190 Wiss.
849 5138 919 5190 1850
939 5154 964 5202 p.
980 5137 1042 5188 315.
