3578 5962
350 542 422 617 236
940 550 1085 606 JORDAN

350 733 434 793 aedis
461 737 591 791 mutatus
619 730 658 788 sit
683 727 801 787 natalis.
844 732 875 786 et
899 726 958 785 iam
984 726 1137 785 veniamus
1164 722 1203 781 ed
1225 695 1365 797 exempla
1385 721 1526 798 ambigua
1548 753 1588 766 -
1610 739 1673 780 nau

350 845 433 896 certa
453 852 513 892 non
534 838 640 892 extant
659 827 832 888 mutationis
852 827 990 886 illiue-
1012 845 1091 903 quae
1113 824 1273 884 admodum
1293 840 1390 900 pauca
1410 831 1490 881 sunt.
1526 823 1565 881 ab
1588 821 1675 881 atus
1770 827 1771 892 ξ

350 944 436 1014 parte
467 934 558 1011 igitur
589 930 773 1009 Capitolium
805 937 909 1006 quater
941 927 1108 987 dedicatum
1144 945 1171 986 a.
1198 946 1227 985 u.
1257 921 1328 983 247.
1357 922 1416 982 685
1448 943 1479 1001 p.
1502 921 1538 983 0.
1562 923 1614 982 70.
1643 920 1673 980 tt

354 1036 483 1096 natalem
505 1053 592 1093 suum
612 1034 664 1108 qui
684 1031 741 1091 fuit
762 1029 844 1106 Sept.
864 1029 899 1088 13
922 1038 1055 1089 mutasse
1078 1034 1237 1104 antequam
1258 1024 1463 1102 hemerologia
1484 1024 1676 1083 eamberemur

352 1136 456 1213 negari
477 1142 586 1212 potest,
608 1142 679 1210 post
692 1132 824 1210 Augusti
845 1139 971 1190 aetatem
992 1134 1125 1189 mutasse
1147 1135 1227 1188 certe
1246 1127 1332 1186 nullo
1353 1127 1532 1186 documento
1550 1124 1675 1203 proteri.
1770 1127 1771 1204 f

352 1237 432 1297 idem
453 1237 534 1294 valet
554 1236 591 1293 da
612 1234 686 1294 aede
707 1230 844 1293 Castoris
866 1231 1026 1308 quinquies
1048 1229 1185 1289 dedicata
1205 1246 1233 1288 a.
1252 1226 1323 1287 270.
1346 1226 1406 1286 697
1429 1226 1473 1302 (r.
1494 1226 1603 1304 supra)
1621 1223 1675 1285 759
1770 1299 1771 1308 ¹

353 1337 388 1413 (a
408 1337 542 1409 Tiberio,
566 1354 617 1395 suo
637 1336 801 1410 fratrisque
824 1336 933 1392 auctae
954 1332 989 1390 de
1009 1333 1160 1403 musitio,
1188 1337 1264 1389 teste
1285 1326 1369 1390 Suet
1391 1328 1461 1388 Tib.
1484 1326 1535 1402 20,
1564 1327 1617 1387 sed-
1636 1328 1677 1385 in·

355 1436 513 1515 scripsisse
545 1437 612 1495 aedi
644 1435 688 1493 Ti.
715 1434 824 1494 Iulium
858 1432 1052 1493 Claudianum
1081 1438 1185 1490 narrat
1214 1428 1276 1491 Dio
1303 1429 1354 1502 55,
1381 1427 1419 1488 27
1452 1429 1491 1488 cf.
1516 1429 1676 1488 Mommsen

355 1537 392 1599 G.
415 1538 439 1596 Ι.
460 1537 497 1597 L.
520 1535 550 1610 2,
575 1535 679 1611 1660),
707 1535 815 1594 deinde
836 1530 1002 1593 aclaudio
1024 1531 1100 1607 (Dio
1123 1533 1172 1606 60,
1195 1531 1229 1608 6)
1251 1540 1281 1590 et
1301 1548 1321 1589 a
1341 1529 1516 1590 Domitiano
1539 1530 1583 1606 (v.
1607 1536 1677 1588 csta·

355 1640 443 1716 logus
471 1656 596 1715 operum
621 1637 710 1712 eius).
753 1635 921 1694 dedicatam
948 1635 1026 1693 hauc
1053 1651 1122 1694 esse
1143 1651 1171 1692 a.
1193 1632 1254 1692 270
1282 1633 1330 1691 die
1351 1631 1409 1690 Iul.
1434 1628 1471 1689 12
1492 1629 1602 1690 Livius
1625 1628 1676 1706 qui·

356 1740 425 1799 dem
447 1735 477 1810 2,
499 1738 540 1798 40
562 1745 741 1810 auctorest,
768 1735 822 1796 sed
843 1737 926 1794 utin
948 1743 1052 1810 aperto
1073 1735 1114 1793 sit
1132 1733 1316 1812 Regillensis
1341 1749 1458 1810 pugnae
1483 1731 1563 1792 diem
1585 1749 1677 1792 errore

355 1839 487 1900 natalem
515 1838 598 1898 aedis
623 1839 739 1898 fecisse.
781 1838 882 1914 itaque
908 1855 996 1913 quem
1022 1835 1151 1896 natalem
1174 1835 1206 1894 in
1227 1833 1376 1894 Verriano
1397 1833 1574 1892 kalendario
1595 1832 1677 1892 habe·

358 1957 426 2000 mus
440 1940 505 1998 Ian.
523 1937 572 2013 27,
594 1958 660 1999 eum
684 1941 723 1998 ad
737 1947 855 2016 tempus
869 1938 1031 1997 finiendum
1052 1955 1113 2013 quo
1131 1935 1208 1994 illud
1229 1936 1372 2011 scriptum
1396 1934 1443 2008 sit,
1466 1935 1591 1993 omnino
1609 1933 1677 1992 nihil

357 2040 493 2099 conferre
524 2048 649 2115 apparet
680 2049 710 2099 et
740 2039 903 2099 notandum
939 2045 986 2099 est
1020 2039 1098 2096 hanc
1132 2037 1236 2096 aedem
1266 2053 1373 2096 rursus
1404 2035 1516 2095 eisdem
1548 2033 1677 2111 vestigiis

235 2161 240 2173 ·
357 2141 501 2201 refectam
524 2157 601 2200 esse.
643 2141 675 2199 id
696 2141 777 2217 quod
798 2149 883 2200 eruta
903 2139 1096 2198 fundamenta
1115 2156 1193 2197 nunc
1212 2137 1372 2197 manifesto
1392 2137 1564 2196 docuerunt
1605 2136 1678 2194 idem
1770 2129 1771 2198 J

356 2260 418 2300 non
450 2242 551 2301 valere
582 2242 750 2318 putaverim
780 2240 817 2300 de
849 2241 923 2300 aede
951 2238 1138 2299 Concordiae
1165 2240 1337 2317 Augustae:
1370 2239 1454 2297 cuius
1488 2236 1677 2298 dedicationis

356 2342 386 2401 d.
406 2343 471 2402 Ian.
489 2340 526 2402 16
549 2362 576 2401 a.
593 2342 651 2402 673
673 2342 771 2402 factae
793 2341 974 2400 mentionem
995 2359 1062 2399 cum
1083 2339 1116 2398 in
1135 2339 1332 2399 Praenestino
1353 2339 1558 2416 hemerologio
1579 2347 1679 2414 postea
1770 2333 1771 2390 l

358 2441 490 2502 additam
512 2460 580 2503 esse
600 2444 805 2503 Mommsenus
826 2449 952 2502 testetur
972 2442 1010 2500 de
1032 2441 1099 2500 visu
1119 2458 1148 2516 p.
1171 2439 1243 2513 295,
1263 2425 1342 2499 liano
1362 2439 1467 2499 aedem
1488 2440 1526 2499 ab
1547 2440 1678 2516 Augusto

358 2552 494 2620 coeptam
522 2562 577 2602 uec
605 2545 768 2622 perfectam
793 2545 914 2602 omnino
941 2560 1059 2615 novam,
1088 2542 1144 2601 hoc
1166 2548 1212 2601 est
1236 2541 1296 2598 alio
1318 2558 1378 2616 quo
1400 2549 1488 2600 antea
1506 2541 1600 2600 fuerit
1619 2539 1678 2599 loco

357 2643 467 2703 factam
489 2661 566 2717 esse,
588 2645 626 2703 ob
648 2663 773 2721 eamque
794 2663 917 2704 causam
938 2661 1049 2704 novam
1069 2643 1199 2702 natalem
1221 2641 1373 2717 accepisse
1394 2649 1556 2701 utrorum
1578 2657 1678 2700 nomen
1770 2677 1771 2726 3

359 2742 429 2818 (pro
450 2760 530 2800 novo
552 2752 599 2802 est
620 2744 699 2804 enim
719 2747 878 2821 Augustae
899 2761 1065 2821 cognomen
1085 2742 1246 2818 adiectum)
1274 2743 1424 2802 existimo.
1468 2742 1523 2802 sed
1547 2742 1679 2818 ambigua

359 2859 438 2918 quae
469 2843 534 2902 dixi
561 2845 700 2921 exempla
726 2861 864 2921 quaeque
890 2844 934 2902 ita
964 2863 1034 2902 uere
1059 2843 1120 2903 dici
1145 2845 1264 2920 possint
1289 2861 1350 2900 non
1377 2843 1449 2901 novi
1475 2853 1594 2919 praeter
1619 2861 1679 2902 eam
1770 2845 1771 2880 ³

360 2941 473 3016 aedem,
500 2944 539 3002 ob
565 2962 656 3021 qnam
677 2945 751 3004 haec
773 2945 870 3004 omnis
896 2944 1057 3022 disputatio
1083 2951 1129 3004 est
1149 2944 1295 3017 instituta,
1324 2941 1455 3017 Quirini,
1483 2950 1512 3002 et
1533 2944 1679 3004 Minervae
1770 2999 1771 3040 ,

358 3041 391 3100 iu
412 3044 574 3103 Aventino.
618 3051 741 3122 putatur
768 3053 893 3123 utraque
919 3045 999 3105 binis
1019 3044 1168 3103 natalibus
1189 3045 1244 3116 uti,
1269 3053 1396 3120 utraque
1423 3051 1519 3104 utrum
1541 3045 1574 3104 iu
1592 3063 1680 3104 nora·
1770 3041 1771 3064 ¹

359 3162 426 3203 rum
454 3143 583 3219 aedium,
615 3147 712 3223 qualis
740 3144 909 3207 Concordia
929 3147 1070 3222 Augusta
1094 3145 1160 3216 luit,
1194 3163 1317 3204 numero
1344 3145 1482 3204 habenda
1511 3145 1560 3218 sit,
1586 3163 1623 3204 su
1648 3145 1678 3204 in

359 3243 547 3319 refecturum,
578 3246 649 3306 licet
674 3245 712 3306 dc
733 3247 799 3306 solo
820 3248 1008 3320 refectorum,
1036 3246 1201 3306 dubitatur:
1234 3252 1361 3317 constat,
1388 3245 1415 3304 ei
1442 3262 1540 3304 novae
1566 3245 1679 3317 luerint,

358 3345 454 3404 factas
481 3365 548 3406 esse
573 3347 606 3406 in
631 3348 743 3407 ricinia
768 3367 872 3407 eorum
896 3347 1040 3419 locorum,
1067 3346 1176 3423 quibus
1202 3345 1364 3404 eorundem
1395 3345 1551 3405 numinum
1575 3344 1680 3423 templa

360 3445 433 3506 olim
459 3448 622 3508 extiterint
666 3447 780 3507 dixeris
806 3467 870 3507 rem
897 3448 1029 3508 decisam
1056 3464 1123 3506 esse
1149 3462 1185 3506 eo
1211 3446 1293 3523 quod
1318 3446 1383 3523 ipse
1403 3448 1564 3525 Augustus
1588 3449 1618 3506 in
1637 3447 1678 3504 in·
1770 3475 1771 3502 ι

359 3547 424 3606 dice
445 3569 469 3606 r.
490 3568 519 3627 g.
542 3551 572 3622 4,
594 3549 612 3607 5
635 3566 676 3618 ss.
699 3554 827 3608 testatus
849 3549 889 3609 sit
908 3549 996 3608 haec:
1019 3548 1103 3607 aedes
1123 3550 1154 3605 iu
1179 3547 1319 3624 Capitolio
1340 3548 1419 3606 Iouis
1433 3549 1541 3621 serem
1561 3541 1678 3606 et'Ieeis

360 3651 496 3719 tonantis,
528 3649 651 3706 aedem
685 3647 848 3722 Quirini,
881 3651 966 3709 aedes
997 3634 1181 3707 Miser-uae
1212 3656 1238 3707 et
1264 3647 1385 3707 Iuaoaie
1410 3652 1527 3724 rapinae
1554 3657 1581 3706 et
1605 3647 1678 3706 Iocis

361 3747 500 3808 libertatis
521 3751 550 3806 ia
573 3747 723 3821 Aueutiuc,
749 3750 846 3808 aedua
866 3749 979 3808 Larum
999 3751 1031 3807 iu
1052 3767 1161 3808 summa
1181 3766 1268 3809 secra
1288 3751 1347 3821 oia,
1374 3749 1471 3808 aedem
1491 3749 1574 3808 deum
1593 3748 1677 3808 Pena·

361 3849 430 3905 tium
456 3850 487 3904 iu
511 3847 609 3919 Velia,
641 3850 737 3908 aedem
763 3850 933 3922 quentatis,
965 3851 1063 3909 aedem
1090 3849 1198 3908 Matris
1224 3866 1345 3924 umquae
1364 3850 1427 3924 feei
1444 3891 1452 3908 .
1472 3888 1481 3908 .
1501 3890 1510 3908 .
1531 3849 1677 3926 (secuntur

360 3947 488 4024 profana
502 3947 652 4024 aedilicia)
674 3949 773 4022 417:
797 3952 853 4010 duo
875 3962 900 4011 et
922 3954 1062 4026 octogiuta
1083 3949 1190 4026 templa
1209 3951 1291 4008 mm
1311 3953 1343 4007 ia
1362 3950 1430 4009 urle
1451 3951 1551 4010 consul
1570 3949 1676 4026 aqam

322 4080 327 4088 ·
361 4063 396 4106 ec
415 4047 537 4124 demae]
565 4060 679 4109 ceuaoes
706 4051 792 4125 reieci
816 4053 896 4111 uallo
920 4054 1123 4127 praetermisso
1151 4052 1230 4127 quod
1255 4049 1311 4126 [eo]
1337 4050 1473 4127 temp[ore
1497 4053 1577 4129 refici
1601 4069 1676 4128 opor·

361 4147 455 4224 teretJ,
476 4165 545 4208 esse
565 4149 655 4228 igitur
675 4147 753 4211 int'er
773 4169 868 4213 novas
887 4149 1007 4225 Quirini
1028 4160 1059 4210 ct
1079 4151 1232 4210 Minervae
1254 4149 1353 4225 aedes,
1374 4168 1502 4228 quorum
1521 4153 1577 4212 illa
1596 4151 1675 4212 etiam

360 4245 392 4306 ἐκ
417 4251 516 4322 καινῆς
542 4251 624 4310 facta
649 4270 668 4310 a
693 4251 794 4312 Dione
825 4253 1001 4330 appelletur,
1034 4269 1096 4328 qua
1125 4250 1255 4310 formula
1286 4250 1451 4312 Merkelius
1483 4251 1677 4313 observaverit

358 4348 455 4410 factas
490 4368 509 4409 a
542 4354 663 4413 resectis
697 4361 869 4413 constanter
904 4353 1058 4430 distingui.
1115 4351 1308 4411 nihilominus
1343 4369 1450 4428 graves
1487 4353 1676 4413 dubitationes

359 4452 496 4532 oriuntur
517 4472 556 4512 an
569 4452 698 4515 faciendi
717 4454 771 4513 ille
792 4453 937 4514 vocabulo
958 4453 1002 4512 ita
1022 4469 1097 4511 usus
1119 4451 1166 4522 sit,
1188 4459 1222 4510 ut
1242 4453 1413 4512 necessario
1435 4453 1624 4530 cogitandum
1642 4451 1677 4511 sit
1770 4505 1771 4510 ,

360 4551 398 4610 dc
426 4554 551 4614 aedibus
576 4572 638 4614 non
664 4554 776 4614 eisdem
802 4554 911 4631 quibus
937 4561 1074 4612 vetustae
1100 4552 1235 4629 vestigiis
1260 4552 1420 4629 impositis.
1461 4572 1533 4613 nam
1555 4555 1581 4616 si
1601 4554 1630 4613 id
1647 4571 1675 4611 re
1770 4547 1771 4552 ’

360 4669 433 4709 vera
451 4652 531 4726 lecit,
558 4655 729 4715 necessario
750 4673 787 4716 eo
810 4654 976 4714 delabimur
998 4661 1031 4713 ut
1050 4659 1169 4730 praeter
1188 4653 1269 4713 Iovis
1290 4653 1422 4713 tonamis
1447 4653 1553 4715 aedem
1573 4661 1675 4715 ceteras
1770 4661 1771 4664 ’

360 4766 465 4810 omnes
486 4754 631 4829 gemellas
653 4747 802 4824 ὁμωνύμων
816 4755 995 4832 templorum
1017 4771 1085 4814 esse
1106 4760 1286 4827 statuamus,
1308 4772 1385 4832 quae
1405 4756 1437 4814 in
1458 4755 1571 4816 eisdem
1590 4753 1675 4832 regio-

360 4848 451 4908 nibus
486 4861 540 4912 aut
574 4855 641 4916 sine
675 4857 803 4934 vestigio
838 4855 1007 4915 interierint
1037 4862 1091 4913 aut
1119 4853 1206 4913 iuxta
1236 4870 1332 4913 novas
1363 4854 1494 4916 refectae
1525 4855 1675 4916 manserint

361 4949 534 5027 lateantque
558 4953 637 5014 inter
661 4956 790 5016 refectas
813 4955 986 5029 LXXXII,
1016 4972 1143 5032 quorum
1170 4954 1349 5015 laterculum
1377 4955 1492 5015 utinam
1519 4955 1676 5017 adscribere

361 5049 502 5126 dignatus
524 5055 617 5112 essstl
649 5067 722 5114 nam¹
741 5057 768 5116 si
787 5056 894 5118 Livius
916 5056 1053 5116 oculatus
1074 5056 1159 5116 testis
1181 5057 1211 5127 4,
1234 5054 1274 5115 20
1293 5057 1377 5116 Iovis
1397 5056 1512 5117 feretrii
1532 5053 1676 5117 aedemiu

362 5147 514 5229 Capitolio
534 5163 669 5218 uetustae
690 5157 835 5237 dilapsam
848 5159 1016 5238 Augustum
1029 5165 1132 5218 namet
1153 5155 1236 5233 (aute
1250 5175 1277 5217 a.
1294 5156 1369 5236 729)
1390 5159 1532 5237 admisu,
1554 5155 1676 5218 attactis
