3582 5956
408 597 481 671 232
1007 609 1153 663 10111111

407 809 477 852 esse
504 788 650 848 Henneno
681 794 711 844 et
737 785 925 843 Mommseno
953 782 1049 842 visum
1077 791 1132 841 est.
1175 782 1242 868 hoc,
1269 780 1342 841 lieet
1368 800 1427 842 non
1454 794 1592 861 pugnaret
1614 796 1693 846 conta

409 910 562 952 sacrorum
583 906 680 960 usum,
706 893 806 945 tamen
831 886 875 944 ita
900 902 969 944 esse
996 884 1047 943 vix
1069 871 1261 942 crediderim:
1293 884 1383 943 etiam
1411 886 1507 945 minus
1530 886 1618 963 placet
1633 887 1693 964 quod

407 994 551 1054 Henneno
573 991 672 1050 visum
699 997 761 1060 est,
788 1004 856 1045 esse
877 986 934 1045 boc
955 1003 1074 1045 sacrum
1096 981 1215 1058 Quirini
1236 985 1410 1044 natalicium
1435 987 1519 1046 aedis
1542 987 1599 1047 eins
1616 989 1693 1047 1111111

407 1114 467 1173 qno
485 1103 619 1172 tempore
632 1091 770 1150 resectae.
802 1088 1018 1146 reiectammne
1033 1085 1151 1145 aedium
1165 1094 1285 1162 praeter
1297 1085 1442 1146 factarum
1464 1087 1573 1147 natales
1592 1089 1692 1148 celebra·
1760 1150 1761 1170 ζ

406 1194 533 1256 bantur?
566 1194 741 1272 priusquam
772 1189 864 1267 igitur
895 1189 932 1246 de
964 1187 1043 1246 sacri
1076 1184 1203 1260 Quirino
1235 1188 1313 1247 iacti.
1339 1195 1447 1247 nature
1477 1189 1613 1248 disseram
1637 1190 1693 1248 banc

405 1306 500 1358 totam
526 1313 602 1372 quse
628 1301 676 1352 est
702 1291 739 1350 de
766 1291 883 1349 aedium
909 1306 1061 1347 sacrarum
1086 1289 1237 1348 natalibus
1259 1289 1466 1365 quaestionem
1490 1290 1574 1349 video
1591 1291 1651 1350 mibi
1667 1289 1692 1348 da

405 1400 522 1477 integro
544 1393 760 1454 retractandam
782 1409 859 1450 esse.

489 1499 539 1557 Ex
565 1493 774 1572 hemerologiis
802 1494 958 1568 Augustae
984 1491 1091 1550 aetatis
1123 1510 1213 1550 unum
1243 1490 1474 1550 Praenestinum
1501 1491 1595 1551 Verrii
1617 1491 1692 1550 Flacci

406 1600 526 1660 disertis
552 1597 652 1656 verbis
679 1595 855 1670 templorum
881 1592 998 1652 natales
1024 1591 1136 1650 indicat
1160 1592 1217 1650 hac
1243 1591 1384 1650 formula:
1416 1593 1470 1651 boc
1495 1592 1555 1668 (vel
1577 1594 1642 1669 qaod
1660 1589 1693 1667 so)

405 1702 452 1760 dic
473 1700 553 1758 aedis
576 1739 657 1756 ....
681 1697 813 1755 dedicata
834 1703 875 1752 est
896 1692 975 1768 (Ian.
998 1691 1036 1751 27
1058 1693 1146 1751 Mart.
1165 1694 1191 1751 1.
1218 1693 1265 1752 19.
1288 1693 1363 1768 Apr.
1381 1693 1428 1752 10.
1452 1693 1691 1770 1111111111

404 1802 436 1860 in
458 1800 532 1860 solis
554 1796 673 1873 templis
696 1796 794 1854 arisve
815 1795 953 1869 Augusto
975 1792 1117 1852 dedicatis
1140 1792 1218 1869 (lan.
1241 1793 1270 1852 8.
1295 1793 1343 1853 16.
1366 1794 1416 1852 30.
1438 1795 1514 1871 Apr.
1535 1795 1597 1872 18);
1611 1807 1693 1856 catera

403 1900 607 1975 hemerologia
627 1903 747 1973 praeter
767 1895 841 1953 haec
861 1894 930 1969 ipsa
950 1893 1073 1970 templa,
1100 1893 1136 1952 de
1163 1894 1271 1970 quibus
1298 1894 1437 1953 similiter
1461 1895 1587 1954 ret'emnt
1609 1894 1691 1970 (lull

405 2001 551 2079 Aug.10.
574 1999 621 2058 18.
641 1995 705 2072 28),
726 1997 910 2072 reliquorum
931 1994 1048 2054 natales
1071 1993 1137 2052 sola
1158 1994 1237 2053 sacri
1255 1994 1312 2053 deo
1333 1994 1446 2056 deaeve
1459 1997 1532 2057 t'acti
1550 1996 1692 2056 indicatione

403 2102 564 2174 occultant,
585 2114 751 2178 perpaucos
773 2094 914 2172 11111111)
936 2096 1027 2154 habet
1040 2095 1213 2154 Philocalus
1231 2093 1308 2170 (Ian.
1325 2097 1343 2154 3
1367 2097 1447 2174 Aug.
1463 2099 1491 2157 5.
1509 2097 1544 2156 13
1565 2096 1634 2174 Sept.
1648 2099 1691 2174 11)

402 2204 463 2264 iam
489 2203 558 2261 licet
582 2201 676 2260 multa
702 2199 826 2257 deorum
853 2215 939 2256 saera
960 2216 979 2255 a
998 2195 1148 2255 natalibus
1170 2195 1348 2272 templorum
1374 2199 1512 2275 protecta
1530 2207 1692 2260 1111111111-

255 2376 259 2383 ,
349 2295 359 2306 '
403 2304 499 2364 ditum
520 2311 550 2362 et
570 2319 723 2378 nunquam
744 2299 913 2375 ignoratum
936 2297 984 2368 sit,
1009 2303 1111 2354 temen
1136 2314 1196 2355 non
1222 2295 1319 2355 solum
1339 2297 1432 2358 ferias
1455 2301 1693 2377 antiquissimasin

402 2407 509 2465 borum
531 2418 654 2462 numero
680 2417 750 2460 esse
771 2417 833 2457 non
854 2416 943 2476 posse
965 2397 1168 2457 Mommsenus
1195 2396 1295 2456 docuit
1316 2395 1351 2457 G.
1372 2398 1398 2456 Ι.
1421 2398 1459 2458 L.
1489 2402 1513 2472 1)
1532 2422 1560 2479 p.
1580 2402 1638 2473 376,
1654 2401 1691 2460 sel

325 2513 330 2522 '
403 2507 493 2566 etiam
519 2505 556 2564 de
581 2501 683 2562 multis
710 2520 749 2560 ex
774 2501 952 2576 posterioris
983 2499 1050 2558 aevi
1082 2498 1176 2558 sacris
1209 2505 1287 2558 certe
1315 2498 1446 2560 dubitari
1472 2512 1576 2579 potest
1612 2503 1691 2579 quibus

402 2603 637 2676 dubitationibus
665 2620 734 2661 raro
761 2601 941 2678 scriptorum
968 2599 1149 2659 testimoniis
1169 2599 1339 2660 liberamur.
1382 2619 1418 2660 ac
1439 2603 1546 2663 mirum
1570 2601 1692 2680 estquod,

402 2726 469 2766 cum
491 2705 605 2781 aliquot
625 2703 740 2761 natales
763 2703 864 2778 sparsi
891 2701 1080 2760 inveniantur
1104 2701 1135 2759 in
1161 2701 1339 2777 antiquioris
1359 2702 1506 2764 historiae
1525 2705 1613 2776 libris,
1633 2703 1692 2762 velut

403 2804 546 2881 Capitolii
568 2803 649 2879 (Liv.
667 2803 694 2874 7,
718 2802 762 2877 3),
784 2799 920 2860 Castoris
942 2800 985 2877 (2,
1008 2801 1241 2862 4111111111
1263 2803 1418 2879 erratum),
1440 2805 1630 2880 Mercurii'(2‚
1645 2803 1691 2878 21),

400 2907 457 2967 Dii
477 2904 559 2964 Fidii
580 2902 724 2980 (Dionys.
741 2903 771 2974 9,
786 2900 850 2977 60),
872 2902 903 2961 in
925 2921 962 2960 ea
983 2903 1132 2962 annalium
1154 2912 1249 2980 parte,
1268 2903 1301 2962 in
1322 2922 1381 2980 qua
1401 2925 1458 2983 per
1479 2907 1604 2984 singulos
1622 2922 1692 2964 annos

400 3026 500 3068 rerum
528 3023 680 3066 sacrarum
706 3003 929 3062 vicissitudines
960 3013 1133 3063 constanter
1164 3013 1383 3078 enumerantur,
1414 3005 1556 3066 Livianus
1579 3008 1635 3067 dico
1655 3006 1692 3064 de·
1762 3037 1763 3040 ¹

400 3108 490 3170 cadas
518 3127 536 3166 a
562 3105 650 3164 tertia
678 3104 717 3164 ed
743 3103 888 3181 quintam,
915 3122 953 3162 ne
980 3123 1056 3164 nnus
1084 3103 1203 3181 quidem
1230 3111 1366 3164 servatus
1387 3115 1443 3165 est.
1485 3108 1562 3185 qnod
1581 3105 1692 3186 expedire
1762 3183 1763 3186 Ἴ

400 3228 461 3270 non
474 3226 598 3286 possum
613 3207 673 3265 nisi
683 3205 862 3282 sumpserim
873 3214 1009 3265 auctores
1018 3203 1100 3264 Livii
1117 3221 1278 3284 usurpasse
1292 3207 1401 3265 librum
1418 3207 1558 3284 aliquem,
1572 3209 1599 3268 in
1608 3224 1691 3284 quaer
1762 3191 1763 3196 ¹

399 3311 572 3389 pontificum
593 3307 752 3367 annalibus
779 3305 983 3366 dedicationes
1009 3305 1187 3381 templorum
1210 3306 1323 3365 relatae
1344 3316 1446 3366 essent
1466 3309 1601 3370 detractis
1617 3317 1692 3368 tanen
1762 3337 1763 3350 1

399 3411 504 3471 diebus
526 3408 688 3479 nataliciis,
709 3409 820 3484 quippe
842 3408 893 3484 qui
913 3407 946 3465 in
966 3406 1149 3465 kalendariis
1171 3405 1305 3466 adnotati
1325 3417 1474 3469 extarent.
1516 3411 1546 3471 in
1566 3409 1692 3470 annalibus

399 3522 498 3572 autem
530 3510 593 3570 illis
619 3518 671 3568 aut
702 3515 783 3568 certe
809 3509 841 3566 in
868 3527 967 3567 annua
993 3509 1146 3584 pontificis
1171 3508 1275 3568 tabula
1292 3527 1348 3585 per
1368 3513 1501 3587 stapulas
1528 3510 1693 3587 1111111111

229 3653 231 3660 1
287 3596 289 3600 ’
400 3611 483 3675 Serv.
509 3610 548 3669 ad
568 3611 607 3668 A.
633 3610 660 3680 1,
683 3607 754 3679 373,
785 3609 843 3666 hoc
872 3617 917 3667 est
943 3606 1094 3685 adscripta
1127 3608 1187 3668 diei
1218 3615 1298 3681 nota,
1329 3611 1404 3670 baec
1434 3631 1553 3690 quoque
1581 3612 1693 3690 exposita

398 3713 519 3772 tuemnt
542 3709 595 3785 (cf.
616 3706 760 3767 Huebner
780 3707 883 3768 Jolrb.
906 3711 933 3787 s.
957 3709 1036 3768 Plu.
1061 3709 1296 3787 11191410).
1345 3730 1384 3771 ex
1409 3713 1456 3771 his
1486 3714 1574 3792 igitur
1596 3712 1693 3774 sinceris

397 3813 532 3872 fontibus
555 3815 607 3868 aut
626 3827 666 3867 ex
680 3809 865 3869 kalendariis
887 3810 1105 3887 antiquioribus
1120 3809 1218 3871 Varro
1241 3812 1361 3888 aliique,
1382 3813 1490 3889 quibus
1504 3833 1573 3875 usus
1586 3822 1626 3875 est
1638 3812 1692 3872 Ovi·

398 3912 476 3983 dius,
498 3909 643 3968 natalium
661 3909 834 3968 memoriam
848 3913 1039 3989 repetierunt,
1061 3929 1188 3988 quorum
1201 3913 1380 3971 testimoniis
1395 3914 1490 3975 adiuti
1504 3917 1692 3995 Angusteomn

400 4011 670 4088 hemerologiorum
699 4011 925 4088 ambiguitatem
956 4013 1134 4090 ailquotiens
1166 4013 1309 4091 expedire
1343 4033 1512 4092 possumus.
1567 4018 1612 4076 ubi
1638 4015 1692 4074 talia

399 4112 572 4185 testimonia
592 4112 733 4171 deficiunt
752 4121 875 4189 putatur
895 4131 956 4192 ress
965 4114 1063 4173 redire
1088 4115 1127 4173 ad
1148 4114 1261 4174 dierum
1283 4123 1380 4175 notas.
1422 4117 1466 4176 ita
1487 4119 1636 4180 Merkelins
1652 4134 1693 4192 per

398 4209 464 4275 tot'a
484 4213 697 4290 prolegomena
716 4213 863 4274 fastorum
882 4217 997 4292 passim
1019 4214 1172 4275 contendit
1198 4217 1313 4277 natales
1339 4219 1517 4296 templorum
1542 4231 1572 4280 et
1588 4218 1693 4279 manoe

398 4335 513 4387 eorum,
541 4333 617 4391 quae
637 4315 794 4390 Augustus
820 4315 1001 4375 dedicaverit
1025 4316 1090 4375 sola
1108 4333 1137 4374 re
1165 4327 1237 4376 nota
1256 4317 1400 4396 insignita
1420 4338 1498 4394 esse,
1527 4319 1693 4380 1111111111-

399 4417 549 4487 veniatur,
582 4422 635 4473 ant
659 4416 789 4474 natalem
815 4434 875 4474 non
903 4434 971 4476 esse
1004 4427 1056 4475 aut
1087 4435 1205 4478 errasse
1236 4419 1405 4481 kalendarii
1435 4431 1596 4482 auctorem:
1623 4415 1692 4478 veluti

398 4517 479 4578 Iovis
505 4515 637 4575 tonantis
664 4517 753 4575 aedes
780 4515 916 4576 dedicata
941 4527 988 4576 est
1012 4518 1075 4576 kal.
1098 4517 1190 4596 Sept,
1219 4522 1269 4598 qui
1295 4521 1360 4582 dies
1386 4523 1418 4582 in
1438 4525 1533 4583 Amit.
1554 4529 1657 4582 notatur
1673 4533 1692 4574 t-

399 4618 453 4676 sed
472 4617 555 4676 illam
570 4616 709 4676 Merkelii
730 4615 962 4693 disputationem
983 4638 1020 4679 ex
1043 4628 1127 4696 parte
1140 4621 1343 4683 Mommsenus
1363 4623 1505 4684 refutavit
1521 4644 1551 4702 p.
1563 4621 1626 4684 stc.
1639 4617 1691 4678 317.

400 4715 460 4774 alia
486 4716 630 4775 dubitatio
657 4717 752 4777 oritur
778 4717 815 4776 de
843 4718 921 4779 binis
947 4719 1122 4797 pluribusve
1149 4723 1231 4783 aedis
1258 4725 1345 4783 unius
1373 4725 1532 4786 natalibus.
1572 4741 1633 4784 nam
1654 4717 1693 4777 ubi

399 4816 471 4874 bina
497 4815 621 4892 plurave
648 4819 777 4879 numinis
799 4820 931 4879 eiusdem
952 4840 1039 4881 sacra
1059 4833 1211 4898 notantur,
1231 4843 1309 4902 quae
1329 4827 1445 4886 natales
1468 4843 1536 4888 esso
1554 4824 1692 4889 vitentur,

399 4917 568 4992 quaesitum
594 4925 642 4976 est
669 4920 767 4979 sintne
795 4921 822 4980 ei
847 4922 1031 4982 diversarum
1053 4924 1170 4985 aedium
1192 4943 1232 4984 an
1252 4929 1412 4987 earundem
1433 4927 1574 4988 factarum
1592 4923 1692 4984 suae·

397 5033 531 5091 rumque.
574 5016 716 5080 fluctuant
742 5029 777 5080 et
796 5023 935 5082 Merkelii
960 5033 990 5083 et
1016 5025 1207 5086 Mommsenii
1233 5026 1342 5086 iudicia
1373 5027 1416 5104 (v.
1445 5028 1532 5088 huius
1558 5026 1646 5088 adnot
1664 5017 1690 5078 lt

400 5114 520 5189 Quirini
541 5123 572 5176 et
592 5114 729 5180 Castoris
751 5121 874 5183 aedibus
896 5122 931 5185 C.
947 5124 972 5186 Ι.
987 5123 1023 5185 L.
1041 5128 1055 5185 1
1079 5147 1109 5204 p.
1125 5127 1195 5187 385.
1219 5129 1304 5206 395).
1346 5131 1400 5188 sed
1419 5131 1506 5190 buius
1526 5117 1692 5188 dubictatis

398 5234 491 5279 causa
517 5219 679 5298 praecipua
703 5219 758 5281 init
783 5225 861 5301 quod
887 5225 959 5302 quid
985 5227 1025 5288 sit
1050 5227 1153 5289 aedem
1178 5229 1299 5290 reticere
1319 5249 1380 5290 non
1400 5241 1486 5292 extre
1507 5225 1691 5290 dubitationem
