3610 5956
535 635 838 690 onsunvemouus
854 635 974 689 orrea.
993 638 1032 688 11.
1053 638 1108 688 111.
1253 689 1256 694 ,
1436 621 1482 690 67

146 737 304 750 -ι-ῠ

147 810 308 872 Claudiam
332 827 372 867 ex
394 815 482 887 gente
503 807 630 886 patricia
650 807 754 866 luisse.
792 805 851 867 Sed
872 809 932 868 hoc
952 827 1040 887 nego,
1061 811 1142 886 quod
1163 817 1193 869 et
1207 809 1390 888 Borgheeiue
1405 813 1440 888 (l.
1456 833 1482 872 e,

147 933 179 990 p.
198 911 273 988 188)
295 917 326 969 et
346 911 399 969 alii
421 926 526 970 omnes
547 909 743 980 admiserunt,
765 910 845 986 apud
868 908 1044 971 Suetonium
1063 908 1183 970 Claudii
1205 914 1265 971 el
1287 915 1335 992 agi
1359 915 1396 972 de
1418 915 1483 973 aiii·

147 1014 243 1072 nitate
266 1010 387 1070 Claudii
414 1011 480 1070 eius
506 1011 559 1087 qui
585 1019 692 1088 postea
716 1010 854 1086 regnavit
874 1029 940 1068 cum
964 1009 1086 1071 Silonis.
1130 1011 1240 1074 Scribit
1259 1014 1302 1073 ibi
1324 1018 1482 1093 Augustus

147 1113 255 1191 paucis
282 1121 351 1171 aute
378 1120 505 1170 mortem
531 1111 619 1170 anuis
645 1109 683 1168 sd
704 1109 823 1168 Liviam
851 1129 974 1171 uxorem
1004 1113 1048 1172 sic
1070 1113 1106 1172 de
1128 1110 1270 1174 Claudio:
1299 1135 1402 1175 curare
1423 1137 1484 1177 eum

148 1217 230 1274 ludia
251 1211 442 1273 Martialibus
465 1213 621 1272 triclinium
641 1213 818 1270 sacerdotum
838 1229 896 1270 aaa
917 1213 1049 1288 displicet
1069 1214 1160 1284 nobis,
1182 1219 1209 1272 ei
1230 1225 1272 1274 est
1289 1236 1433 1292 pasturae
1454 1193 1484 1279 ie

147 1315 186 1374 ab
209 1315 308 1376 Silani
326 1315 391 1389 filio
416 1315 525 1372 lamiae
552 1314 608 1372 eibi
634 1315 724 1385 adini
752 1314 912 1384 admoneri,
938 1332 973 1371 ae
1000 1315 1070 1389 quta
1089 1317 1189 1388 saciat
1212 1319 1291 1392 paod
1312 1323 1438 1395 conspici
1458 1331 1485 1379 et

149 1417 278 1476 derideri
297 1419 397 1492 possit.
444 1413 575 1488 Quinam
597 1414 624 1472 is
647 1431 713 1472 esse
735 1423 839 1489 posset
861 1411 957 1475 Silani
979 1413 1074 1488 filius,
1098 1416 1219 1475 difficile
1241 1417 1321 1477 dictu
1344 1421 1434 1493 leret,
1457 1423 1484 1480 si

149 1517 274 1576 omnino
302 1515 338 1574 de
365 1533 402 1573 ea
428 1534 461 1572 re
487 1515 690 1591 quaerendum
717 1524 809 1574 esset.
854 1516 894 1572 At
915 1514 995 1591 qnod
1017 1517 1115 1574 editur
1137 1535 1196 1576 non
1218 1530 1266 1578 est
1286 1520 1345 1578 nisi
1367 1522 1484 1581 coniec-

148 1626 219 1677 tura
240 1617 382 1676 Beroaldi
408 1634 515 1693 parum
543 1615 633 1686 felix3
660 1616 691 1674 in
714 1615 799 1674 libris
821 1616 1029 1675 omnibus'est
1050 1617 1178 1690 Siluani,
1208 1637 1335 1696 cumque
1356 1620 1485 1683 Claudio

149 1736 228 1777 uxor
249 1719 347 1796 prima
366 1718 457 1776 fuerit
472 1717 592 1776 Plautia
605 1716 797 1793 Urgulanilla
818 1717 883 1776 filie
896 1717 937 1776 M.
953 1717 1065 1776 Plautii
1080 1715 1195 1779 Silvani
1218 1723 1351 1782 consulis
1373 1742 1400 1783 a.
1413 1724 1484 1799 752,

150 1837 239 1878 soror
267 1819 379 1878 Plautii
403 1817 519 1880 Silvani
546 1819 694 1894 praetoris
722 1837 749 1875 a.
766 1816 804 1875 22
820 1837 848 1894 p.
866 1815 937 1876 Chr.
964 1819 1121 1878 memorati
1149 1821 1228 1895 apud
1251 1820 1388 1882 Tacitum
1416 1841 1508 1886 ann·

148 1923 181 1993 4,
198 1919 237 1978 22
259 1921 446 1997 aliorumque
459 1919 648 1979 Plautiornm
662 1927 901 1977 enumeratorum
917 1920 996 1997 apud
1012 1919 1041 1978 N
1045 1921 1229 1997 ipperdeium
1245 1922 1282 1980 ad
1296 1925 1324 1982 h.
1341 1925 1362 1984 l.
1378 1926 1485 2002 Taciti,

147 2021 336 2100 intellegitur
357 2021 479 2080 omniuo
500 2021 607 2078 horum
629 2020 738 2096 aliquis
762 2017 880 2078 Claudii
902 2019 1007 2078 Liviae
1030 2021 1147 2096 nepotis
1170 2031 1326 2100 cognatus.

375 2383 434 2441 111.
476 2382 535 2442 DE
558 2381 662 2440 FIDE
684 2380 940 2442 LEONHARDI
962 2379 1267 2444 CVTENSTENII.

236 2519 320 2578 Inter
352 2536 418 2591 eos,
453 2519 504 2596 qul
535 2518 676 2595 privatim
710 2518 767 2577 sibi
800 2517 967 2593 proluerint
995 2518 1027 2576 in
1058 2519 1153 2594 copiis
1185 2521 1385 2598 epigraphicis
1418 2541 1488 2584 eon·

149 2621 302 2698 gerendis,
325 2618 474 2680 Gruterus
496 2639 603 2678 nomen
628 2620 731 2695 posuit
752 2618 924 2678 Leonhardi
948 2617 1135 2678 Guteustenii
1163 2621 1227 2680 iure
1254 2624 1384 2683 consulti
1407 2628 1487 2686 eius-

150 2741 213 2799 que
248 2722 377 2780 hominis
413 2721 533 2780 aliunde
565 2721 638 2779 mihi
669 2720 766 2798 ignoti
796 2720 828 2779 in
860 2720 1046 2795 praelatione
1077 2721 1114 2778 de
1147 2738 1203 2780 sua
1234 2723 1351 2803 sylloge
1382 2729 1490 2788 merita

151 2824 324 2884 accuratius
344 2833 472 2882 enarrat.
515 2823 645 2881 Iuvenes
667 2821 742 2880 dnos
766 2819 998 2880 Guteustenium
1024 2823 1108 2881 illum
1135 2829 1165 2882 et
1190 2821 1359 2900 Gasparum
1382 2825 1488 2908 Sciop-

151 2925 237 3002 pinm
257 2924 372 2984 Romae
399 2924 541 3001 degentes
570 2941 626 2999 pro
652 2941 754 2981 amore
775 2922 805 2980 in
832 2940 865 2982 se
885 2919 1103 2998 Velserumque
1129 2919 1279 3000 ‘quicquid
1306 2945 1488 2990 marmorum

153 3025 288 3102 quotidie
309 3044 364 3101 per
377 3025 504 3083 Romam
527 3025 685 3083 hincinde
708 3031 870 3092 erueretur,
893 3041 995 3082 eorum
1018 3024 1246 3084 delineationem
1266 3029 1489 3103 septimanatim

152 3127 218 3186 iere
239 3143 338 3185 secnm
360 3125 598 3185 communicasse
618 3125 687 3200 ipso
710 3122 911 3184 Guteustenio
933 3125 1094 3184 adhibente
1115 3143 1237 3186 manum
1259 3145 1345 3188 snam
1367 3149 1490 3192 accura-

152 3222 322 3288 tissimam'.
361 3228 412 3286 Ab
433 3227 568 3286 Iohanne
589 3225 713 3285 Metello
734 3225 885 3301 adscripta
906 3227 945 3284 ad
966 3243 1076 3302 corpus
1098 3227 1337 3302 Mazochianum,
1360 3249 1437 3307 quae
1458 3243 1492 3291 ut

154 3341 187 3388 et
216 3329 277 3386 alie
304 3328 385 3387 domi
412 3345 484 3388 snae
512 3337 633 3386 servata
658 3327 807 3386 obtulerat
827 3325 974 3384 Horatius
997 3344 1017 3383 a
1038 3325 1127 3384 Valle
1153 3327 1218 3386 iure
1242 3330 1409 3403 consultus,
1437 3351 1490 3392 eos

153 3429 354 3504 descripsisse
376 3437 406 3487 et
427 3429 563 3500 misisse3
585 3428 656 3486 item
679 3425 864 3488 Smetiauum
886 3427 1019 3485 codicem
1042 3445 1081 3484 cx
1101 3423 1289 3486 Faruesiana
1310 3431 1491 3492 bibliotheca

155 3553 174 3592 a
192 3531 301 3590 Fulvio
315 3529 429 3590 Ursino
451 3529 510 3588 sibi
530 3531 721 3605 impetratum
744 3545 796 3586 eos
818 3527 983 3586 contulisse
1004 3546 1070 3585 cum
1091 3525 1251 3587 Smetianis
1273 3531 1361 3590 editis
1384 3541 1413 3592 et
1435 3536 1490 3593 mi-

155 3634 235 3693 sisse
261 3649 337 3708 quac
357 3631 400 3690 ibi
422 3631 491 3708 plus
513 3630 638 3689 aliterve
658 3630 836 3707 legerentur.
880 3627 1018 3704 Denique
1040 3647 1106 3686 cum
1129 3629 1220 3688 addat
1243 3629 1392 3692 Gruterus
1414 3635 1489 3695 Ful-

155 3735 238 3794 vium
260 3731 404 3792 Ursinum
431 3731 557 3790 schedas
580 3748 651 3789 sues
673 3731 833 3807 plerasque
854 3739 907 3787 aut
928 3731 1010 3805 ipsas
1032 3748 1086 3804 per
1105 3729 1263 3790 Velserum
1286 3738 1491 3797 transmisisse

155 3845 211 3894 aut
236 3833 350 3892 Romae
379 3833 525 3892 obtulisse
552 3831 778 3902 describendas,
808 3830 930 3888 dubium
958 3849 1019 3888 non
1044 3839 1092 3889 est
1118 3831 1305 3892 describendi
1332 3835 1431 3898 officio
1459 3841 1489 3897 in

155 3937 205 3996 his
232 3952 351 4012 quoque
378 3934 497 3994 iunctos
520 3951 588 3993 esse
608 3933 732 3992 iuvenes
753 3931 823 3990 illos
845 3939 876 3990 et
895 3931 1027 3989 maxime
1049 3929 1294 4010 Guteustenium,
1324 3955 1390 3996 cum
1413 3959 1491 4016 quae

156 4045 283 4114 accepta
307 4035 444 4095 feruntur
470 4033 583 4094 Ursino
610 4036 642 4094 in
668 4051 793 4110 corpore
819 4033 932 4108 passim
961 4051 1015 4108 per
1042 4031 1274 4094 Guteustenium
1302 4040 1421 4098 venisse
1449 4041 1494 4099 di·

155 4149 273 4199 cantur.
317 4137 396 4196 Huic
423 4137 619 4214 praefationis
649 4134 831 4210 expositioni
859 4133 927 4208 ipsa
948 4133 1065 4210 sylloge
1087 4136 1163 4192 setis
1185 4137 1360 4212 respondet,
1389 4141 1492 4199 titulos

156 4240 307 4318 quosdam
328 4239 462 4298 referens
483 4238 516 4296 in
537 4238 609 4296 urbe
631 4236 798 4311 descriptos
820 4253 839 4292 a
854 4232 1053 4294 Guteustenio
1076 4235 1159 4310 (nam
1175 4233 1309 4312 Scioppii
1330 4257 1438 4297 nomeu
1459 4242 1490 4297 iu

156 4359 284 4418 corpore
305 4341 402 4398 rarius
423 4337 630 4414 memoratur),
652 4337 683 4395 in
705 4335 911 4412 compluribus
933 4343 1031 4393 antem
1049 4332 1239 4394 Guteusteuii
1261 4355 1368 4396 nomen
1388 4339 1493 4400 adiun-

156 4461 233 4522 gens
256 4441 379 4500 Metello
399 4437 564 4511 Ursinore,
591 4448 624 4498 ut
648 4437 737 4497 etiarn
760 4455 809 4507 ea,
837 4453 914 4511 qnae
936 4435 1035 4494 solum
1056 4434 1169 4494 Metelli
1191 4454 1299 4496 nomen
1322 4440 1495 4517 subscripta

157 4543 281 4614 habent,
304 4541 406 4600 omnia
427 4558 604 4616 eorumque,
633 4556 710 4616 quae
731 4538 788 4596 snb
808 4537 914 4597 Ursini
936 4536 1058 4594 nomine
1078 4537 1280 4613 proferuntur,
1303 4548 1419 4615 partem
1441 4542 1496 4601 ali·

158 4663 251 4723 qnam
276 4641 408 4703 Grutero
430 4661 449 4700 a
470 4639 671 4701 Guteustenio
698 4638 925 4699 subministrata
946 4655 1012 4696 esse
1034 4646 1112 4695 recte
1135 4637 1274 4698 conicias.
1316 4639 1418 4714 Quare
1440 4644 1495 4702 ali.

158 4745 233 4824 quid
254 4744 397 4804 momenti
419 4743 541 4803 habebit
562 4742 601 4800 ad
622 4741 725 4799 titulos
747 4739 878 4798 maxime
894 4738 1025 4796 urbanos
1040 4745 1120 4796 recte
1135 4739 1335 4801 aestimandos
1350 4743 1495 4804 iudicium

160 4846 198 4906 de
219 4845 278 4905 lide
300 4846 396 4922 ipsius
411 4841 612 4913 Guteustenii,
634 4859 724 4918 quam
746 4841 843 4900 adhuc
864 4839 943 4915 quod
966 4839 1058 4897 sciam
1081 4858 1169 4897 nemo
1184 4840 1216 4898 in
1230 4841 1352 4902 dubium
1366 4847 1496 4904 vocavit

160 4945 242 5010 Sane
262 4947 295 5020 in
317 4947 421 5006 multis
443 4946 504 5004 illis
526 4955 557 5003 et
571 4943 674 5016 variis,
697 4961 774 5019 quae
796 4941 880 5000 misit
895 4937 1036 5012 Cratero,
1058 4941 1147 5000 etiam
1168 4943 1349 5019 interpolata
1370 4956 1400 5004 et
1417 4945 1497 5006 falsa

159 5049 284 5126 reperiri
313 5055 432 5106 constat
458 5064 555 5122 neque
583 5045 615 5103 id
642 5063 696 5121 per
720 5060 753 5101 se
778 5041 835 5118 ipsi
863 5040 937 5100 vitio
964 5043 1040 5099 verti
1064 5041 1160 5100 debet
1205 5043 1356 5104 Volumen
1381 5043 1497 5123 Ligarii

159 5149 243 5227 quod
264 5149 323 5208 fuit
336 5146 452 5218 Ursini,
474 5163 554 5206 nunc
575 5153 622 5204 est
634 5145 665 5204 in
680 5143 863 5203 bibliotheca
874 5141 1022 5200 Vaticana
1042 5161 1071 5200 n.
1090 5141 1182 5214 3439,
1205 5144 1317 5203 dudum
1332 5155 1434 5205 notum
1451 5155 1497 5206 est

160 5252 289 5328 allegari
312 5250 394 5327 apud
409 5247 571 5309 Gruterum
586 5247 643 5307 sub
655 5245 744 5304 titulo
759 5243 999 5316 Ursiuienorum,
1020 5244 1354 5342 ipsamquepropterea
1368 5247 1497 5306 hominis

1251 5345 1291 5403 5·
