3578 5962
952 635 1135 689 MOMMSBN

780 805 796 879 ἦ
850 801 971 888 [fflculol
1024 800 1071 868 uui
1125 807 1151 886 [a‘
1205 801 1304 885 δῆμος]

781 903 987 989 [Quidue-arev
1123 901 1306 995 [Γλαφύραν]

779 1004 999 1098 Ἀ[ρ]χ[ε]λᾶου
1018 1004 1186 1098 θυγ[ατ6ρα
1205 1004 1305 1090 Ἥβα]

781 1115 920 1194 paramo
1019 1113 1121 1200 αἱρετῆς
1211 1104 1305 1193 ἕνεκα]

377 1259 475 1324 Simul
493 1260 630 1320 videntur
645 1258 772 1318 dedicati
793 1273 861 1316 ease
876 1256 957 1315 tituli
972 1255 1030 1315 duo
1046 1254 1107 1330 alii,
1130 1255 1206 1315 alter
1219 1256 1316 1334 patria
1333 1256 1432 1317 editae
1444 1251 1514 1333 Ἐφ.
1530 1252 1703 1341 &eit-1⁰2⁴,

376 1362 568 1424 aKoehlero
591 1362 635 1420 sic
657 1360 840 1436 descriptus:

908 1521 936 1553 ν
954 1521 965 1552 ι
988 1529 1012 1552 τ,
1026 1524 1049 1552 τι
1067 1499 1089 1552 Η
1107 1498 1168 1586 Εξ

908 1595 1167 1656 ΧΕΛΑΟΝΟΙᾸΟ

909 1702 1168 1758 ΞΝΕΚΑΤΗΣΕΙΣ

376 1861 465 1920 quem
493 1840 616 1918 explent
646 1841 760 1900 nummi
790 1837 872 1918 apud
898 1837 1076 1898 Eckhelium
1103 1839 1137 1914 3,
1167 1837 1226 1899 201
1259 1845 1290 1900 et
1314 1839 1499 1900 lliionnetum
1526 1840 1555 1914 4,
1583 1841 1651 1901 453.
1677 1842 1702 1914 7,

375 1942 435 2004 722
458 1943 596 2020 inscripti
618 1943 677 2003 alc:
708 1943 885 2000 Buttuenc
908 1944 1103 2000 ΑΡΧΕΛΑΟΥ
1126 1945 1410 2002 ΦΙΛΟΠΑΤΡΙΔΟΟ
1430 1946 1512 2000 ΤΟΥ
1534 1946 1702 2015 unctor,

374 2045 450 2106 alter
471 2045 572 2105 fratria
595 2045 695 2105 editus
716 2045 797 2122 apud
812 2043 1000 2121 Rangabium
1022 2064 1053 2103 n.
1067 2043 1107 2102 48
1130 2051 1161 2103 at
1179 2039 1246 2121 Ἐφ.
1270 2039 1343 2127 cipp.
1367 2044 1419 2118 94,
1441 2044 1648 2122 aicexceptus
1667 2045 1703 2103 ab

373 2149 479 2210 eodem
501 2147 672 2208 Kochlero:
1371 2147 1376 2156 ’

922 2286 1085 2341 ΟΔΗΜΟῑ

866 2411 868 2416 ·
887 2388 1162 2444 ΒΑΣΙΛΕΩΣΑΡΧΕ

886 2491 1087 2546 ΛΑΟΥΥΙΟΝ

887 2591 1084 2647 ΑΡΧΕΛΑΟΝ

376 2729 454 2790 Nam
482 2749 536 2790 rex
563 2729 733 2790 Archelaus
759 2747 819 2790 non
847 2735 947 2808 potent
973 2745 1040 2787 esee
1067 2727 1124 2788 nisi
1151 2728 1275 2789 ultimus
1299 2748 1354 2789 rex
1375 2727 1603 2808 Cappadociam
1627 2729 1699 2789 lilim

375 2838 474 2891 eutem
496 2832 683 2908 cognominis
712 2831 778 2891 eine
805 2831 898 2890 dubio
919 2829 946 2889 ia
969 2838 1031 2902 eat,
1057 2829 1108 2906 qni
1133 2831 1214 2890 avito
1236 2829 1446 2910 Cappadociae
1470 2851 1565 2910 regno
1587 2833 1617 2891 in
1637 2849 1698 2909 pro-
1770 2897 1771 2904 ¹

375 2931 491 2992 vinciae
527 2932 655 2992 formam
692 2933 814 2993 redacto
854 2931 977 2994 Ciliciae
1019 2932 1151 3010 aliquam
1189 2945 1305 3012 partem
1348 2935 1482 3006 retinuit,
1525 2943 1698 2996 memoratae

375 3033 482 3094 Tacito
505 3035 543 3097 nd
568 3053 596 3095 a.
618 3056 647 3114 p.
670 3034 706 3096 0.
730 3035 814 3113 36¹).
859 3033 948 3109 Quod
976 3034 1060 3094 addit
1085 3036 1233 3114 Iosephus
1256 3035 1443 3116 Glaphyram
1470 3036 1613 3099 defuncto
1631 3038 1698 3097 Iube

375 3128 585 3214 (μεταστάντος
615 3139 668 3196 τοῦ
697 3127 822 3214 nullior)
854 3138 894 3197 ad
925 3147 1041 3215 patrem
1077 3138 1109 3197 in
1142 3135 1365 3218 Cappadociam
1399 3155 1553 3202 reversam
1588 3141 1696 3200 tertium

376 3239 518 3316 nupsisse
546 3239 697 3300 Archelao
723 3237 855 3300 Herodis
883 3239 957 3311 filio,
984 3239 1070 3299 fratri
1096 3241 1187 3317 primi
1206 3243 1316 3314 mariti,
1342 3242 1373 3301 in
1395 3261 1433 3304 eo
1453 3262 1585 3304 errorem
1606 3245 1696 3302 inesse

375 3340 461 3400 multi
484 3340 721 3401 observaverunt
742 3341 824 3418 (vide
849 3361 874 3400 a.
894 3361 920 3402 c.
941 3339 1084 3401 Gerulum
1106 3341 1284 3404 Muellerum
1310 3344 1416 3423 fragm.
1442 3345 1513 3406 hist.
1542 3343 1647 3406 Graec.
1670 3345 1696 3414 3,
1770 3353 1771 3428 ]

376 3441 462 3520 466),
484 3461 554 3502 nam
570 3440 759 3521 Glaphyram
782 3444 862 3504 idem
876 3443 1027 3522 Ioeephua
1050 3443 1153 3504 scribit
1173 3444 1252 3505 diem
1274 3446 1387 3508 obiieae
1407 3466 1435 3508 a.
1450 3466 1481 3525 p.
1497 3445 1532 3509 C.
1551 3449 1581 3520 7,
1602 3447 1695 3508 Iubam
1770 3455 1771 3462 ’

376 3545 490 3608 nummi
512 3546 707 3624 comprobant
728 3546 820 3605 vitem
842 3545 1030 3624 protraxiaee
1050 3545 1090 3604 ad
1111 3565 1139 3607 a.
1161 3566 1191 3624 p.
1214 3547 1249 3610 O.
1273 3547 1322 3609 23.
1770 3535 1771 3538 ¹

938 3777 1142 3788 n—-n--n

570 4055 640 4118 XV.
684 4057 716 4120 S.
739 4057 775 4120 (l.
797 4059 855 4120 DE
877 4058 1101 4124 THISBAEIS
1122 4065 1161 4122 A.
1183 4062 1219 4125 V.
1244 4061 1280 4124 C.
1301 4062 1511 4126 DLXXXIV.

461 4211 555 4274 Vicus
580 4222 627 4274 eet
653 4217 684 4275 in
706 4203 834 4277 Boeotia
854 4217 942 4277 hodie
965 4218 1061 4279 dictae
1083 4219 1219 4294 Kakosi,
1244 4221 1377 4299 antiquie
1397 4232 1497 4282 autem
1523 4223 1692 4303 temporibus
1770 4203 1771 4216 ¹

376 4314 524 4387 Thisbae,
550 4334 647 4394 prope
672 4335 761 4395 quem
786 4320 818 4377 in
839 4321 928 4379 vinee
953 4323 1083 4399 quadarn
1108 4329 1177 4382 ante
1204 4341 1299 4382 annua
1326 4324 1443 4384 circiter
1473 4325 1576 4386 decem
1603 4324 1690 4385 tabula
1770 4355 1771 4360 κ

374 4433 543 4477 marmorea
570 4425 689 4497 reperta
716 4430 763 4480 eat
789 4421 941 4498 descripta
967 4407 1096 4500 primunr
1124 4443 1142 4482 a
1170 4423 1344 4497 Blandelio,
1376 4425 1475 4486 denuo
1507 4446 1529 4487 e
1555 4426 1691 4487 Foucarto

375 4521 496 4599 egregio
511 4519 742 4596 inscriptionum
753 4519 989 4584 Lebaaianarum
1002 4509 1149 4585 Graeciae
1162 4528 1303 4604 propriae
1318 4526 1432 4587 editore
1441 4535 1476 4602 ‚et
1489 4531 1688 4589 continuatore.

374 4619 407 4677 Is
430 4638 497 4680 cnm
524 4622 571 4681 bie
596 4622 696 4699 ipaum
717 4623 849 4699 lapidem
875 4635 1013 4685 accurata
1039 4629 1219 4687 examinarit
1246 4637 1275 4688 at
1302 4629 1474 4706 exemplum
1501 4631 1539 4689 ed
1565 4638 1688 4708 ectypum
1770 4681 1771 4688 ,

375 4720 536 4780 identidem
565 4725 745 4803 recoguorit,
767 4725 872 4784 titulus
894 4727 937 4785 ita
957 4727 1082 4807 integer,
1105 4737 1138 4789 at
1157 4747 1219 4788 non
1241 4731 1340 4790 desint
1360 4731 1419 4791 niai
1440 4751 1540 4810 pauca
1559 4733 1689 4793 elementa
1770 4773 1771 4814 p

373 4819 474 4896 lapide
496 4823 543 4880 hic
564 4823 624 4884 illic
645 4843 739 4886 exeao
758 4828 807 4886 vel
828 4827 962 4900 effracto,
981 4830 1034 4889 aad
1049 4830 1127 4891 lectu
1148 4843 1208 4890 non
1228 4831 1327 4893 facilia
1349 4842 1428 4894 recta
1449 4842 1480 4893 et
1493 4834 1579 4912 plene
1593 4849 1687 4907 excep

449 5105 474 5169 ¹)
500 5121 561 5160 aun.
581 5111 606 5175 6,
626 5114 676 5165 41:
704 5110 826 5167 Clitarum
844 5119 914 5168 nata
936 5115 1086 5186 Cappadoci
1105 5117 1231 5172 Archelao
1250 5119 1370 5184 radicata,
1392 5122 1425 5174 ad
1445 5137 1520 5188 quem
1539 5123 1619 5174 iocum
1634 5131 1685 5186 put>

373 5198 492 5251 habiliter
516 5201 626 5255 coniecit
648 5203 820 5270 Nipperdeina
843 5223 901 5261 eum
926 5209 1084 5264 Archelaum
1110 5221 1198 5265 netum
1227 5229 1282 5266 eree
1310 5230 1343 5267 ex
1368 5214 1501 5268 Archelao
1528 5215 1612 5266 ultima
1634 5221 1685 5272 rect

371 5291 561 5358 Cappadociae.
599 5294 638 5347 cl
659 5297 685 5360 2,
706 5299 749 5349 ta.
770 5301 820 5351 aa:
