3546 5950
506 593 804 650 onsenvamouns
821 595 941 648 arran.
961 594 1027 650 vn.
1358 577 1429 650 137

110 769 267 828 stituautur
287 767 568 840 ordinarii,·tamen
589 767 621 826 in
643 766 717 826 actis
738 767 867 845 publicis
888 766 992 843 populi
1014 767 1144 826 Romani
1165 767 1204 826 ad
1225 768 1314 828 linem
1336 787 1434 845 usque

113 869 221 930 ramuli
243 868 365 928 secundi
383 885 449 928 mos
465 867 582 927 ridetur
602 869 783 946 perdurasse
800 867 1049 928 enuntiandarum
1069 869 1226 928 consulum
1246 887 1359 942 eorum,
1379 871 1432 945 qui

111 981 168 1030 tum
187 969 284 1030 luces
304 977 450 1046 gererent.
492 967 582 1028 Certe
603 971 635 1028 iu
655 968 831 1047 diplomatis
855 979 1064 1029 veteranorum
1085 969 1202 1030 suffecti
1221 972 1434 1030 continuantur

110 1072 144 1131 ad
164 1081 298 1150 tempora
318 1088 415 1149 usque
430 1070 522 1132 Marci
537 1078 568 1129 et
582 1069 669 1140 Veri3
691 1077 796 1129 contm
809 1069 974 1145 diplomata
994 1089 1021 1128 a.
1038 1070 1098 1129 247
1115 1079 1145 1129 et
1159 1070 1218 1130 249
1242 1071 1327 1148 (nam
1341 1073 1432 1132 medii

110 1171 246 1248 temporis
274 1190 351 1249 quae
377 1171 498 1249 quidem
524 1173 583 1230 huc
607 1171 776 1247 pertineant
804 1171 889 1229 nulla
914 1171 1077 1248 habemus)
1104 1173 1274 1249 praeteritis
1301 1173 1433 1233 suffectis

111 1273 272 1334 ordinarios
293 1280 410 1350 ponunt
430 1273 490 1350 (ΠΙ
511 1292 542 1350 p.
557 1272 644 1349 913).
685 1272 762 1331 Item
786 1272 817 1330 in
839 1271 915 1332 sctis
936 1273 1095 1331 Arvalium
1116 1289 1184 1332 curn
1206 1274 1255 1332 vel
1275 1273 1432 1334 Commodi

110 1381 211 1447 aetate,
232 1375 285 1434 ubi
307 1392 383 1453 opus
404 1380 461 1446 est,
482 1373 673 1433 nominentur
686 1372 815 1447 suffecti,
836 1393 916 1432 anuo
933 1381 1013 1434 certe
1028 1371 1089 1433 214
1109 1392 1165 1451 pro
1180 1375 1314 1434 suffectis
1329 1375 1434 1454 legun·

110 1485 154 1534 tur
177 1475 321 1536 ordinarii
331 1475 371 1552 ¹).
397 1474 552 1534 .Omuiuo
580 1476 655 1534 haec
679 1476 873 1535 suffectorum
899 1495 938 1534 ex
965 1474 1102 1551 legitima
1128 1475 1199 1534 anni
1226 1475 1433 1553 designatione

110 1577 241 1654 expulsio
264 1587 294 1636 et
315 1576 489 1648 consulum,
513 1597 534 1636 a
554 1576 665 1655 quibus
685 1593 783 1636 annua
804 1575 922 1654 incipit,
943 1582 1032 1636 aucta
1051 1576 1278 1637 honoriticentia
1298 1584 1329 1638 et
1347 1596 1382 1637 re
1403 1587 1434 1638 et

111 1686 235 1754 tempore
258 1679 435 1738 coniunctae
455 1679 585 1738 suerunt.

208 1805 213 1814 ·
262 1781 321 1852 15.
373 1775 558 1852 Pontifex.

265 1900 323 1972 16.
375 1897 516 1997 Augur.

188 2017 365 2081 Sacerdotis
384 2020 460 2079 haec
481 2037 541 2096 quo
563 2027 696 2099 tempore
718 2018 851 2082 Sabinus
872 2018 998 2098 adeptus
1021 2019 1062 2080 sit
1083 2039 1150 2082 cum
1172 2019 1357 2098 ignoremus,
1382 2022 1433 2082 hic

111 2117 146 2179 iis
164 2119 266 2180 locum
287 2120 423 2180 dedimus
445 2121 735 2198 postconsulatum.

263 2224 322 2296 17.
372 2220 491 2295 Iudex
509 2243 556 2294 ex
570 2219 864 2321 dele[g(atione)]
883 2218 1167 2321 cognitionmm)
1180 2220 1394 2320 Caesarium(
1416 2264 1432 2277 -

373 2341 474 2440 rum)
491 2376 542 2406 =
565 2339 699 2441 [Iudex
716 2340 776 2439 ex]
796 2341 1013 2440 delegatae)
1033 2340 1272 2442 [p]1·incipum
1290 2341 1327 2416 in
1346 2368 1433 2442 pro-

373 2460 493 2540 vincia
519 2460 753 2562 [Dalmatiai,
779 2461 869 2535 item
887 2460 1137 2560 Pannoniael]
1165 2461 1407 2562 inferioris3).

187 2581 237 2645 Sic
267 2584 324 2643 hoe
352 2584 483 2644 officium
505 2583 704 2660 perscriptum
725 2583 844 2644 ridetur
867 2583 963 2644 fuisse
982 2584 1014 2643 iu
1035 2583 1130 2643 titulis
1150 2583 1268 2644 duobus
1290 2585 1435 2661 Aquinati

111 2690 138 2742 et
163 2683 314 2758 Casinati,
341 2685 401 2745 nisi
426 2684 508 2761 quod
534 2685 753 2762 provinciarum
779 2685 903 2745 nomina
928 2703 1006 2761 qnae
1031 2685 1062 2742 in
1088 2685 1145 2744 hoc
1170 2685 1324 2763 perierunt
1350 2684 1434 2762 (uam

111 2786 180 2846 duas
200 2787 372 2846 nominatas
393 2786 489 2846 fuisse
510 2805 550 2844 ex
564 2787 663 2862 spatio
676 2785 842 2863 colligitur)
863 2795 945 2844 certa
959 2787 1075 2846 ratione
1089 2788 1260 2862 recuperari
1274 2798 1434 2863 nequeunt.

111 2886 264 2964 Principes
290 2887 342 2963 qui
367 2887 400 2946 in
423 2887 481 2946 hoc
500 2886 692 2946 nominantur
713 2906 781 2947 cunr
802 2905 870 2946 esse
891 2906 952 2946 non
973 2887 1092 2964 possint
1112 2889 1243 2966 Augusti
1264 2887 1324 2947 duo
1345 2890 1436 2953 simul

110 2999 266 3064 regnantes
295 2988 383 3064 (uam
412 2987 600 3049 Caracallum
629 2995 660 3048 et
687 2986 798 3048 Getam
825 2987 978 3066 expeditio
1006 2986 1186 3048 Germanica
1213 3007 1241 3048 a.
1261 2989 1322 3048 213
1349 3010 1435 3067 prae·

110 3090 212 3150 cedens
233 3089 385 3162 excludit,
408 3089 569 3149 Balbinum
591 3098 621 3148 et
641 3089 811 3167 Pupienum
832 3089 904 3147 anni
924 3089 995 3164 plus
1016 3089 1123 3167 viginti
1143 3089 1339 3166 interpositi),
1359 3091 1435 3150 Bor-

111 3191 226 3266 ghesius
251 3191 382 3251 coniecit
407 3210 475 3250 eum
502 3190 539 3249 de
564 3209 624 3269 quo
650 3190 749 3268 agitur
773 3190 832 3250 hoc
854 3189 953 3248 officio
973 3188 1108 3248 iunctum
1129 3208 1199 3249 esse
1219 3197 1250 3248 et
1270 3191 1436 3267 imperante

113 3291 241 3352 Macrino
262 3302 295 3352 et
315 3293 480 3369 imperante
501 3291 719 3370 Elagabalo⁴).
762 3291 807 3350 At
826 3309 894 3349 cum
914 3290 946 3348 in
966 3289 1114 3365 legatione
1134 3286 1238 3350 Sabini
1260 3291 1436 3350 Pannonica

112 3403 205 3468 gesta,
230 3401 264 3453 ut
294 3391 373 3452 infra
397 3393 580 3466 ridebimus,
606 3393 771 3470 imperante
799 3391 953 3450 etiamtum
981 3389 1142 3450 Caracalla
1166 3390 1270 3450 titulus
1298 3392 1436 3468 Aquinas

113 3493 194 3554 linem
211 3495 314 3566 faciat,
335 3493 463 3555 Casinas
484 3513 522 3553 ne
543 3513 609 3553 eam
631 3493 752 3570 quidem
766 3493 884 3563 habeat,
906 3497 1030 3568 uterquc
1044 3491 1148 3551 titulus
1162 3491 1317 3552 dedicatus
1332 3493 1372 3552 sit
1386 3512 1436 3552 ne-

113 3612 192 3655 cesse
212 3611 259 3656 est
280 3597 446 3675 imperante
460 3594 620 3655 Caracalla
640 3613 696 3654 nec
716 3612 792 3671 quae
813 3593 845 3651 iu
866 3611 902 3652 eo
916 3594 1057 3672 leguntur
1070 3593 1109 3651 ad
1123 3593 1251 3652 Macrini
1266 3593 1313 3652 rel
1328 3594 1437 3671 Elaga-

112 3695 170 3755 bali
189 3677 328 3776 tempora
348 3698 466 3757 trahere
487 3697 567 3757 licet.
604 3693 701 3770 Quam
724 3695 847 3755 obrem
868 3694 905 3754 de
928 3695 983 3753 hac
1004 3692 1185 3754 iudicatione
1200 3713 1259 3754 non
1274 3694 1361 3755 rideo
1375 3713 1437 3772 quo

186 3961 209 4025 ¹)
239 3963 311 4014 llaec
330 3963 485 4028 colliguntur
501 3963 614 4014 maxime
632 3977 666 4013 ex
684 3962 778 4013 tabulis
791 3960 927 4012 Arvalium
939 3961 1094 4013 Marinianis
1112 3977 1140 4012 u.
1154 3961 1188 4011 31
1207 3975 1232 4012 a.
1247 3960 1299 4011 166
1318 3967 1345 4011 et
1362 3961 1436 4012 1139

114 4065 137 4100 a.
150 4054 202 4105 214
219 4055 289 4106 inter
307 4069 335 4106 sa
354 4055 463 4105 collatis.
493 4055 615 4106 Fortasse
633 4052 732 4103 suffecti
751 4053 803 4102 iam
822 4058 1016 4118 praetereuntur
1034 4053 1061 4103 iu
1080 4051 1144 4103 actis
1162 4066 1187 4102 a.
1201 4053 1254 4103 200
1273 4051 1317 4114 (cl.
1330 4053 1438 4102 lleuaeu

114 4157 170 4194 auu.
185 4146 255 4196 1867
275 4161 302 4210 p.
316 4145 388 4208 188).
401 4170 436 4182 -
460 4146 492 4196 In
517 4145 633 4209 epistulis
654 4142 752 4194 duabus
771 4143 921 4209 pontificum
939 4149 966 4193 ct
983 4143 1120 4194 XVrlrum
1138 4157 1162 4193 a.
1178 4143 1232 4195 151
1249 4141 1341 4204 (Orell.
1354 4142 1437 4203 4370)

115 4241 138 4283 st
154 4250 179 4286 a.
191 4238 245 4288 169
265 4235 454 4298 1011113163)
473 4243 498 4287 et
517 4235 643 4287 ordinarii
662 4235 844 4285 educabantur
862 4240 888 4283 et
905 4234 1013 4284 suffecti.
1067 4235 1072 4244 '

184 4324 210 4388 ¹)
239 4327 282 4379 01.
301 4327 428 4394 Ulpianus
445 4327 509 4392 Dig.
527 4328 573 4388 44,
587 4328 614 4389 4,
628 4327 654 4387 4,
668 4326 717 4377 161
737 4341 768 4376 aa
786 4323 902 4391 delegata
919 4324 1023 4392 pupilli.

185 4415 212 4480 ⁸)
241 4419 309 4470 Cum
327 4419 443 4470 tradatur
461 4407 648 4478 irretitionis,
669 4422 698 4466 ut
716 4423 832 4467 anaema
849 4417 934 4465 littera
951 4415 1030 4467 lrodle
1048 4414 1152 4465 deficiat
1169 4429 1218 4464 aec
1235 4418 1325 4464 testem
1344 4412 1438 4463 habeat

114 4509 160 4558 uisi
178 4509 321 4573 Gattolam,
340 4511 397 4560 fleri
414 4515 507 4576 potest,
525 4516 556 4559 ut
573 4510 601 4560 lu
619 4507 705 4574 lapide
724 4507 803 4558 luerit
821 4505 889 4570 [item
907 4504 1071 4570 Paarmuial]
1090 4502 1244 4571 inseranda}

186 4598 212 4663 ⁴)
238 4603 271 4652 L.
296 4617 318 4651 c.
344 4602 379 4663 (v.
404 4617 430 4666 p.
445 4601 495 4651 131
521 4615 548 4651 n.
564 4600 606 4662 1):
637 4601 748 4664 Iegatur
770 4600 914 4664 principum
937 4598 962 4648 si
983 4594 1131 4663 mserirebbe
1154 4596 1184 4646 ai
1206 4594 1277 4645 brevi
1298 4593 1388 4662 imperi
1410 4592 1440 4644 ds'
1480 4581 1482 4586 ’

115 4688 229 4742 Macrino
254 4707 268 4743 e
290 4691 320 4742 ds'
336 4689 494 4758 Elagabalo,
519 4685 662 4742 clu'esaeudc
684 4689 802 4742 amedee
825 4688 856 4739 di
873 4689 989 4740 dmmutu
1006 4689 1136 4748 memoria,
1163 4703 1213 4738 aaa
1227 4693 1352 4753 poterrmo
1371 4684 1437 4736 indi·

114 4783 181 4833 cura'
198 4799 226 4834 se
244 4799 295 4834 noa
313 4789 489 4835 uswruaeutc.
519 4782 646 4849 Exempla
663 4781 784 4848 plurativi
803 4783 903 4832 numeri
919 4782 957 4832 its
969 4781 1002 4830 de
1014 4779 1212 4846 imperatoribus
1224 4779 1275 4830 alio
1288 4777 1439 4843 postellum

114 4874 298 4938 imperantibus
314 4875 431 4939 usurpati
448 4873 605 4940 Borghesius
623 4873 695 4924 nulla
712 4873 797 4923 attulit
814 4887 862 4924 uec
880 4872 944 4922 mihi
961 4877 1064 4936 praesto
1082 4877 1154 4933 sunt3
1173 4884 1234 4921 nam
1252 4869 1381 4920 diversum
1399 4874 1440 4918 est

115 4965 182 5028 quoe
205 4973 246 5016 uu
268 4965 296 5015 m
319 4965 395 5015 tuno
412 4965 545 5018 unurmo
563 4943 649 5017 s1'as2
673 4964 810 5031 uma>
834 4961 891 5012 ure
911 4961 1042 5029 styma)
1066 4969 1090 5013 e
1112 4959 1153 5011 rc
1175 4958 1294 5012 mauu
1314 4965 1341 5009 a
1358 4958 1440 5009 mua

115 5057 194 5120 mugla
212 5055 285 5122 quod
303 5063 342 5106 eat
358 5057 386 5107 in
404 5056 571 5107 Hauaeniauo
584 5056 669 5107 sese:
695 5055 778 5120 legato
796 5051 905 5104 ciuem
923 5051 986 5113 (diri
1005 5051 1142 5113 Hadriani)
1160 5051 1188 5101 s'n
1210 5047 1310 5110 Oiliciu,
1332 5047 1437 5109 aaut,

115 5143 197 5210 lequtc
216 5147 243 5196 s'u
260 5142 355 5198 Cilicia
371 5147 430 5215 imp.
443 5147 567 5198 Antonias·
579 5146 647 5213 Auq.
678 5145 779 5197 Graeca
796 5151 881 5196 sutem
899 5143 996 5196 locutio
1014 5143 1114 5206 similla,
1133 5141 1166 5194 de
1183 5156 1235 5209 qus
1253 5154 1331 5206 supra
1348 5153 1373 5203 p.
1387 5139 1439 5187 110

116 5237 232 5304 exposuit
252 5237 442 5303 Ditteubcrgcr,
463 5238 498 5291 ad
515 5238 636 5290 Latinum
655 5251 729 5287 usura
747 5234 965 5301 comprobandum
984 5249 1037 5288 uou
1055 5233 1126 5286 facit.
