3610 5956
553 581 851 638 oesnuvnnuouns
869 581 989 634 nmen.
1009 583 1061 632 111.
1079 609 1085 627 .
1424 562 1469 632 71

140 752 285 828 exempla
311 750 551 812 Gutenstcniana
582 755 805 829 comparatione
835 754 971 813 institute
1000 755 1065 812 risa
1092 763 1162 812 sunt
1189 754 1310 812 omnino
1339 752 1474 830 prolecta

139 869 212 914 esse
239 854 304 913 sive
330 873 368 912 ex
390 854 595 914 Mazochianis
621 855 708 914 editis
736 855 800 915 sive
821 875 860 916 ex
882 855 1123 915 adnotationibus
1145 855 1267 914 Metelli.
1310 853 1389 912 Nam
1412 854 1472 910 dno

140 973 248 1014 eorum
279 975 309 1014 n.
333 956 403 1014 719.
426 955 487 1015 885
519 956 551 1015 in
581 957 660 1016 libro
683 956 832 1016 Vaticano
861 965 949 1016 notas
976 958 1087 1016 hebent
1115 975 1133 1014 a
1158 974 1249 1016 manu
1276 955 1391 1014 Metelli
1420 953 1473 1012 sd·

141 1056 282 1134 scriptas,
303 1074 379 1134 quas
400 1057 431 1114 in
452 1075 536 1116 suem
561 1077 624 1118 rem
646 1058 794 1118 convertit
809 1056 1035 1118 Gutenstenius.
1073 1056 1195 1118 Scilicet
1216 1079 1244 1116 n.
1258 1058 1318 1116 885
1341 1075 1407 1115 cum
1429 1055 1473 1112 sic

141 1158 291 1216 referetur
312 1158 391 1235 apud
413 1158 615 1218 Mazochiurn:
643 1177 711 1219 ossa
735 1160 779 1217 Ti.
806 1158 941 1219 Caesarie
963 1162 1022 1218 diui
1045 1159 1120 1236 Aug.
1136 1163 1165 1236 s.
1187 1158 1311 1235 Augusti
1327 1157 1472 1234 pontificis

141 1263 261 1317 maximi
282 1267 348 1332 eet,
370 1260 511 1318 Metellus
533 1259 703 1319 emendavit
717 1258 794 1336 Aug.
813 1270 894 1337 pont.
916 1280 991 1320 moe.
1015 1279 1214 1337 versuumque
1236 1259 1414 1318 divisionem
1436 1255 1473 1315 ds

142 1378 227 1420 more
248 1379 267 1417 a
287 1360 444 1420 Mazocbio
466 1361 632 1439 neglectam
653 1361 800 1434 restituit;
820 1362 881 1425 iem
903 1362 983 1438 apud
1001 1361 1162 1422 Gruterum
1183 1361 1204 1419 l.
1220 1381 1245 1420 c.
1266 1359 1422 1437 inscriptio
1444 1369 1474 1416 et

141 1460 174 1519 in
196 1461 382 1538 compendiis
403 1471 433 1520 et
452 1461 484 1521 in
498 1480 639 1522 versuum
654 1462 802 1522 divisione
815 1463 944 1522 formata
957 1472 1005 1523 est
1019 1464 1057 1521 ad
1072 1464 1242 1539 exemplum
1257 1461 1472 1521 Metelliannm.

142 1561 261 1622 Deinde
287 1563 319 1621 in
344 1582 374 1622 n.
391 1563 450 1622 719
479 1563 522 1622 sic
542 1564 639 1623 relata
659 1565 740 1642 apud
760 1564 949 1623 Mesochium
971 1564 990 1622 l.
1014 1583 1054 1624 o.:
1082 1565 1177 1623 Iulius
1202 1563 1312 1622 Caesar
1337 1564 1388 1620 deo
1411 1559 1474 1620 Soli

141 1667 246 1722 macto
266 1664 361 1723 altare
375 1664 516 1724 Metellus
538 1685 594 1742 pro
616 1667 708 1726 altore
728 1666 864 1742 reposuit
885 1685 979 1737 aram3
1002 1666 1080 1724 unde
1107 1666 1151 1724 sic
1172 1665 1281 1742 legitur
1298 1663 1378 1738 apud
1395 1661 1473 1721 Gru-

142 1773 240 1824 terum
262 1764 282 1824 l.
298 1783 337 1823 u:
360 1767 412 1824 deo
428 1765 491 1826 Soti
510 1770 612 1826 inuicto
633 1765 884 1826 cremaretur
910 1765 1021 1827 Cacsar
1042 1769 1070 1826 d.
1089 1769 1117 1826 d.
1234 1765 1361 1842 Recepit
1382 1764 1474 1841 igitur

140 1865 174 1924 in
191 1866 249 1924 hac
266 1865 484 1926 Gntenstcnius
498 1867 735 1928 emendationem
750 1869 962 1940 Metellianam
981 1878 1138 1945 praeterea
1153 1869 1189 1926 de
1204 1885 1258 1928 suo
1271 1867 1364 1927 verbu
1377 1873 1473 1924 trans

140 1968 255 2046 posuit,
271 1985 452 2044 praenomen
467 1977 497 2029 et
511 1969 678 2028 clausulam
693 1971 818 2043 addidit,
832 1970 944 2028 hiatum
960 1969 1114 2042 indicarit,
1137 1969 1256 2027 omnino
1272 1968 1318 2027 sui
1334 1966 1452 2026 similis.

226 2070 263 2128 In
283 2070 455 2131 universum
474 2071 592 2130 collatis
606 2073 684 2130 inter
698 2089 731 2131 se
747 2070 992 2133 Gutenstenianis
1006 2077 1037 2128 et
1051 2071 1254 2128 Mesochianis
1269 2068 1473 2144 deprehendes
1517 2107 1522 2118 .

139 2171 338 2230 indicationes
361 2172 496 2231 locorum
524 2180 576 2231 aut
599 2173 719 2233 easdem
742 2191 811 2233 esse
835 2181 889 2232 aut
913 2171 1095 2242 simillimas,
1116 2171 1274 2230 lectionem
1298 2187 1388 2244 saepe
1413 2187 1474 2228 non

139 2271 263 2332 differre
281 2273 339 2332 nisi
357 2273 389 2332 in
410 2273 543 2344 minutis,
563 2275 612 2334 ubi
627 2283 727 2334 autem
742 2273 871 2345 differat,
888 2272 1157 2334 Gntenstenianam
1171 2270 1381 2348 interpolatam
1396 2287 1473 2331 esse.

138 2373 256 2434 Qum
276 2374 540 2451 interpolationem
562 2385 682 2452 praeter
702 2393 795 2454 supra
814 2375 940 2435 allatam
961 2373 1039 2432 alias
1061 2372 1213 2449 quasdam
1228 2372 1400 2450 subscripsi.

481 2494 550 2547 Mas.
569 2494 620 2547 33.-
924 2493 996 2546 Grut.
1017 2491 1077 2555 100,
1094 2492 1112 2544 6
1127 2484 1151 2544 ‘e
1170 2495 1234 2546 Met.
1254 2495 1341 2544 selred.
1361 2486 1442 2546 Gut¹r

245 2589 273 2640 S.
289 2604 314 2654 p.
328 2603 353 2652 q.
366 2587 399 2638 R.
418 2587 508 2638 aedem
523 2587 684 2639 Concordiae
696 2595 823 2639 vetustate
897 2588 998 2638 Aedem
1012 2586 1175 2637 Concordiae
1189 2592 1314 2636 vetustate
1334 2586 1474 2651 collapsam

245 2661 384 2726 collapsam
398 2662 426 2712 in
439 2662 571 2711 madorem
590 2661 683 2712 faciem
702 2677 780 2726 opere
799 2669 825 2712 et
897 2661 1049 2725 ampliorem
1068 2673 1147 2725 opere
1164 2660 1259 2725 cultuq.
1272 2659 1474 2724 splendidiorem

245 2734 315 2784 cultu
333 2733 508 2799 splendidiore
526 2735 700 2785 restituerunt.
896 2734 1007 2784 restituit
1026 2749 1046 2782 s.
1067 2749 1092 2798 p.
1112 2749 1137 2798 q.
1157 2733 1189 2783 R.

480 2823 550 2876 Mar.
570 2821 621 2876 692
927 2823 998 2874 Grat.
1021 2818 1081 2884 246,
1099 2820 1116 2872 4
1133 2813 1203 2874 ‘Get
1223 2837 1238 2873 e
1257 2838 1304 2873 ms.
1323 2814 1448 2874 Metelll’r

245 2916 353 2967 Pietatis
372 2917 534 2981 imperatoris
548 2915 666 2968 Caesaris
686 2915 740 2966 diri
758 2915 823 2968 Ner·
897 2915 992 2967 Pietati
1021 2921 1046 2964 et
1070 2914 1200 2965 Felicitati
1228 2915 1291 2979 imp.
1320 2913 1394 2966 Caes.
1422 2915 1475 2964 diri

246 3004 293 3040 rae
312 2990 420 3041 Traiani
438 2997 463 3040 et
480 2989 527 3040 rel.
898 2989 1000 3040 Nersae
1020 2988 1128 3039 Traiani
1145 2993 1171 3037 et
1187 2986 1233 3037 rel.

898 3078 970 3130 Grut.
990 3075 1050 3138 179,
1069 3077 1085 3128 l
1102 3070 1125 3128 ‘e
1144 3094 1191 3128 ms.
1208 3077 1278 3128 card.
1293 3077 1432 3143 carpensis
1445 3093 1475 3128 sc

1040 3152 1140 3202 Metelli
1160 3142 1294 3201 Gutsnuff.

894 3244 947 3294 Dd.
959 3259 1003 3294 nn.
1012 3241 1042 3292 G.
1053 3241 1206 3294 Aurelval.
1217 3240 1396 3290 Diocletianus
1406 3248 1430 3289 et
1437 3241 1474 3292 M.

897 3317 987 3366 Aurei.
1000 3316 1059 3365 Val.
1072 3314 1248 3364 Maximianus
1260 3313 1349 3362 invicti
1362 3315 1475 3363 seniores

481 3114 551 3168 Mat.
571 3114 620 3166 14:

244 3244 297 3295 Dd.
325 3260 370 3295 nn.
397 3243 570 3295 Dioclitianus
597 3249 623 3294 et
645 3243 821 3294 Maximianus

245 3318 333 3368 invicti
348 3318 463 3368 seniores
478 3317 589 3382 Augusti
609 3323 695 3382 patres
713 3319 823 3382 impera·

245 3397 331 3442 torum
353 3397 379 3441 et
397 3390 537 3442 Caesarum

245 3482 412 3533 Constantius
421 3488 447 3531 et
455 3482 630 3532 Maximianus
639 3481 728 3531 invicti
736 3481 822 3548 Augg.

245 3563 271 3605 et
302 3555 412 3608 Severus
444 3562 469 3604 et
496 3549 672 3605 Maximianus
703 3553 820 3604 nobiliss.

245 3627 369 3679 coemes

245 3715 358 3770 thermas
375 3719 465 3770 felices
476 3717 629 3769 Dioclitlanl
643 3718 712 3783 Aug.
731 3717 820 3769 fratris

244 3795 285 3844 sui
297 3795 402 3844 nomine
416 3793 575 3844 consecravit
587 3792 684 3856 coeptis
697 3790 823 3842 aediliciis

244 3883 292 3932 pro
304 3868 371 3918 tanti
384 3867 469 3932 operis
482 3864 658 3930 magnitudine
671 3865 743 3914 omni
755 3866 825 3915 cultu

244 3941 371 4005 perlectae
389 3939 513 3991 Romanis
532 3939 584 3988 suis
603 3937 704 3988 dedica.

415 4064 484 4116 naz.
496 4064 523 4131 s.
538 4051 607 4115 ων.
617 4063 641 4127 ¹)

325 4197 392 4261 Imp.
411 4193 549 4244 Diocletia
570 4191 650 4243 Cesar
667 4194 736 4258 Aug.

285 4269 438 4336 plurlmlbus
456 4266 577 4332 operibus
596 4266 623 4316 in
643 4267 708 4316 colle
727 4266 777 4317 hoc

300 4349 424 4392 excavato
445 4353 510 4390 saxo
529 4339 654 4404 quesitum
673 4353 767 4405 aquarn

261 4417 315 4481 iugi
333 4414 462 4481 profluvio
480 4426 514 4464 ex
533 4411 588 4462 tofo
606 4411 650 4462 hio
668 4419 807 4464 smteutem

484 4485 582 4535 invenit

343 4559 440 4611 Martia
458 4558 539 4608 salnb.
550 4557 610 4608 Tib.
628 4556 719 4607 levior.

426 4631 521 4682 curatis
540 4631 639 4695 aegritu
694 4635 696 4640 '

383 4713 409 4755 st
428 4711 523 4756 statera
541 4703 681 4754 iudicatam

897 3390 983 3454 Augg.
997 3394 1082 3453 patres
1095 3388 1175 3451 impp.
1189 3393 1214 3436 et
1228 3385 1329 3450 Caeap.
1349 3401 1374 3450 p.
1394 3421 1456 3436 ....

896 3480 940 3530 dd.
960 3495 1003 3528 nn.
1023 3479 1064 3528 Fl.
1084 3478 1172 3528 Valer.
1194 3476 1359 3527 Constantius
1378 3484 1404 3526 et
1422 3477 1474 3528 Ga·

894 3553 1042 3676 lsprpeplaper.
1062 3551 1222 3602 Maximinus
1242 3549 1396 3602 nobilissimi
1409 3549 1474 3601 Coe-

894 3717 1008 3766 thermas
1044 3715 1133 3767 l'elices
1166 3715 1332 3765 Diocletiano
1370 3721 1473 3780 coeptes

897 3791 1021 3842 aediliciis
1040 3804 1087 3854 pro
1107 3789 1172 3840 tanti
1195 3789 1280 3854 operis
1298 3789 1475 3853 magnitudine

899 3864 969 3914 omni
993 3863 1063 3913 cultu
1084 3863 1135 3912 iam
1155 3863 1281 3926 periectas
1300 3862 1399 3912 numini
1420 3864 1474 3913 elus

899 3942 1089 3986 consecrarunt.
1110 3970 1116 3984 .
1137 3971 1143 3984 .
1164 3969 1171 3984 .

898 4025 970 4078 Grut.
985 4023 1046 4090 178,
1058 4017 1111 4076 3‘e
1123 4041 1170 4076 ms.
1185 4027 1284 4076 Metelli
1297 4033 1373 4092 atque
1385 4027 1474 4078 Ursini

1087 4091 1285 4152 Gutensteuius'.

921 4194 988 4256 Imp.
1001 4191 1145 4264 ,Dicemus
1166 4191 1196 4241 0.
1216 4193 1286 4254 Aug.
1305 4191 1363 4253 pius
1381 4190 1445 4240 felix

950 4265 1101 4332 plurimibus
1121 4263 1219 4329 operib.
1238 4263 1266 4312 in
1285 4261 1349 4313 colle
1368 4263 1418 4312 hoc

945 4345 1070 4389 excavato
1089 4351 1154 4387 saxo
1173 4337 1314 4400 quaesitam
1334 4349 1426 4400 aquam

912 4413 965 4478 iugi
982 4411 1110 4478 profluuio
1129 4424 1162 4496 ex
1180 4409 1235 4494 tolo
1253 4408 1296 4459 bic
1314 4415 1454 4460 scatentem

931 4559 997 4608 Mar.
1017 4489 1293 4606 salubrioigdendtiber.
1311 4554 1435 4606 leviorem

1013 4627 1132 4680 curandis
1151 4628 1353 4693 aegritudinibus

1081 4708 1176 4752 statera
1195 4702 1292 4752 iudicat

240 4781 297 4831 elus
306 4779 420 4845 receptui
428 4777 550 4843 putheunr
559 4775 592 4827 ad
600 4791 676 4842 prox.
686 4775 820 4826 tricl.usus
887 4759 1471 4841 eiusreceptniputeumadprox.triclin.usun1

395 4853 422 4902 ln
441 4851 491 4901 hoc
508 4849 676 4915 spheristerio

241 4927 286 4977 ubi
310 4931 337 4975 et
354 4925 547 4990 imperatoriam
566 4924 745 4988 dictylotecam
765 4936 820 4987 pos.

131 5051 344 5066 ‚........-.---

1023 4849 1049 4898 in
1068 4848 1118 4898 boc
1136 4841 1317 4913 sphaeristerio

955 4922 999 4971 ubi
1018 4929 1043 4972 et
1061 4923 1178 4986 imperat.
1198 4921 1329 4985 nymlcum
1348 4921 1366 4970 l.
1387 4937 1409 4969 c.

215 5135 239 5196 ¹)
269 5134 337 5184 Cim
359 5133 429 5199 apud
447 5131 612 5184 Maaoelrimu
635 5130 775 5180 collocetur
797 5120 833 5180 ‘in
851 5129 931 5179 domo
949 5129 989 5179 Io.
1009 5127 1143 5180 Dominlcl
1167 5129 1199 5178 de
1217 5127 1350 5178 Fidelibus
1369 5127 1423 5175 sire
1442 5127 1469 5176 in

130 5229 214 5279 vines
238 5227 295 5276 eiua
318 5239 400 5291 prope
418 5225 446 5278 S.
466 5224 578 5275 Mariam
601 5213 741 5283 malorem,
767 5220 887 5272 Metellus
911 5221 1049 5286 adscripsit
1071 5211 1118 5270 ‘est
1136 5219 1235 5284 Nepete
1253 5219 1281 5269 ln
1300 5217 1415 5277 uisitare,
1441 5223 1468 5264 nt

131 5320 234 5370 dicitur
252 5319 278 5368 in
298 5316 387 5368 codice
405 5306 546 5380 carpensi,
566 5315 716 5366 verberum
735 5314 851 5364 mutavit.
