3578 5962
401 628 473 702 296
971 639 1153 694 MOMMSEN

400 822 513 892 liceret,
534 825 656 877 senatus
677 829 742 874 eam
764 831 828 872 rem
850 813 984 890 ampliat,
1004 812 1100 883 donec
1119 811 1155 869 de
1177 829 1214 870 ea
1235 829 1268 870 re
1290 809 1325 870 0.
1346 807 1519 870 Lucretium
1541 811 1672 886 audierit,
1691 825 1721 872 ut

403 922 478 980 satis
505 926 650 997 appareat
675 915 803 975 feminas
830 934 899 973 eum
925 915 1023 990 ipsum
1050 914 1082 972 in
1107 912 1249 972 iudicium
1276 921 1435 972 vacaturas
1459 912 1563 972 luisse.
1606 914 1664 975 Res
1687 915 1721 974 de

403 1041 464 1100 qua
485 1028 649 1099 queruntur
670 1016 816 1076 Thisbaci
838 1013 1018 1093 quemquam
1038 1014 1141 1092 ignota
1162 1023 1224 1085 est,
1250 1015 1282 1072 in
1308 1013 1479 1092 universum
1503 1033 1564 1091 quo
1585 1016 1724 1092 pertineat
1782 1005 1783 1082 l

403 1125 479 1184 satis
501 1121 690 1200 perspicitur.
732 1118 781 1178 De
803 1117 946 1176 Lucretio
967 1134 1044 1193 quae
1066 1115 1214 1192 Polybius
1233 1113 1400 1191 Liuiusque
1421 1113 1634 1192 exposuerunt,
1658 1127 1723 1176 tem·

402 1242 509 1304 porum
530 1222 640 1282 iniuria
660 1221 826 1297 perierunt3
852 1218 904 1278 sed
926 1236 1072 1302 summam
1093 1235 1156 1275 rem
1177 1217 1227 1274 bio
1248 1215 1472 1293 comprehendit
1491 1217 1594 1277 verbis
1612 1219 1658 1277 his
1676 1219 1724 1286 43,

402 1329 438 1386 4:
466 1326 567 1386 lenitas
586 1326 730 1399 praetoris
805 1339 836 1378 eo
855 1324 969 1398 pratior
986 1319 1066 1396 plebi
1080 1318 1271 1394 possideasque
1276 1319 1347 1394 ficit,
1371 1335 1427 1394 qao
1441 1319 1587 1378 andeliae
1600 1324 1724 1378 warlus·

402 1448 456 1507 qne
482 1431 513 1485 im
543 1425 668 1485 Graecia
693 1423 827 1482 bellatum
855 1432 881 1481 et
904 1421 941 1479 ab
969 1420 1082 1481 consuls
1102 1418 1218 1478 Licinia
1243 1427 1269 1477 ot
1293 1418 1330 1477 ab
1357 1417 1492 1480 masao
1508 1431 1644 1498 praetore
1661 1432 1725 1480 erat.

402 1529 571 1589 Lucretiam
592 1525 698 1585 aidani
715 1524 810 1601 plebis
831 1522 972 1582 absentem
994 1520 1168 1580 contionibus
1190 1519 1322 1579 adsiduis
1340 1519 1515 1591 lacerabant,
1538 1541 1602 1580 eum
1621 1527 1661 1580 rei
1676 1541 1726 1598 pu-

403 1631 495 1690 blicae
516 1644 606 1687 caasa
627 1625 725 1685 abesse
751 1633 949 1684 mnuarrmr:
974 1622 1026 1680 sed
1046 1633 1102 1682 tam
1123 1623 1194 1680 adeo
1218 1623 1315 1679 uicina
1336 1624 1422 1680 etiam
1441 1623 1625 1698 ineaplorata
1645 1634 1725 1696 aaut,

403 1740 436 1790 ut
455 1734 482 1788 is
503 1748 533 1788 eo
555 1739 677 1804 ternpore
697 1729 728 1784 im
749 1743 820 1802 apro
840 1743 892 1783 sao
914 1724 1029 1782 Antiati
1049 1731 1122 1782 esset
1142 1739 1303 1799 aquamque
1323 1741 1357 1780 es
1376 1723 1520 1783 manubiis
1539 1724 1658 1784 Antiam

404 1834 527 1891 duceret.
568 1829 645 1888 Post
671 1826 732 1886 alia
758 1825 864 1885 deinde
885 1844 909 1884 c.
934 1825 962 1885 7.
985 1823 1003 1882 8
1031 1834 1152 1884 enarrat
1178 1822 1419 1884 Chalcidensium
1443 1824 1488 1883 de.
1500 1824 1642 1885 Lucretio
1663 1845 1726 1902 qur-

402 1933 563 2002 rimonias‚
590 1930 622 1989 iu
643 1929 691 1988 his
712 1928 818 2004 templa
838 1927 966 1986 omnibus
985 1929 1157 1986 ornamentis
1178 1925 1313 2002 spoliata,
1339 1925 1548 2002 compilataque
1574 1927 1726 2004 ruentem

315 2051 316 2054 ’
405 2034 437 2094 C.
460 2033 626 2092 Lucretiam
646 2029 768 2089 navibus
790 2027 908 2088 Antium
930 2030 1083 2100 devenisse,
1112 2028 1202 2087 libera
1223 2045 1347 2104 corpora
1369 2029 1400 2084 in
1420 2031 1583 2087 seruitutem
1604 2029 1726 2106 abrepto,

398 2137 538 2213 fortunas
559 2137 700 2192 sartonam
719 2131 825 2208 populi
844 2131 968 2189 Romani
994 2131 1109 2206 direpto
1136 2147 1195 2188 esse
1292 2127 1447 2188 Accessere
1471 2133 1502 2188 in
1524 2140 1652 2190 senatum
1671 2130 1728 2189 m-

403 2241 520 2296 oretiam
540 2235 661 2312 placuit,
682 2244 713 2293 at
732 2234 903 2308 disceptaret
915 2249 1012 2292 coram
1021 2241 1218 2308 purpuraque
1239 2247 1285 2289 se:
1308 2239 1428 2290 ceterum
1447 2232 1536 2290 multo
1546 2232 1638 2307 plara
1648 2251 1728 2309 prae·

404 2357 468 2399 sens
490 2338 600 2397 audivit
620 2353 706 2412 quam
727 2337 759 2392 in
779 2335 921 2394 absentem
940 2337 1019 2393 iacta
1040 2342 1129 2391 erant.
1163 2330 1303 2408 Denique
1324 2331 1436 2392 tribuni
1456 2332 1555 2410 plebis
1576 2333 1639 2392 duo
1658 2334 1728 2392 diem

403 2440 431 2499 ei
446 2439 548 2498 dicunt
562 2455 688 2513 eumque
702 2435 833 2512 quinque
848 2443 879 2494 et
892 2435 1015 2512 triginta
1028 2434 1125 2492 tribus
1140 2450 1245 2492 omnes
1260 2433 1360 2493 decies
1374 2433 1454 2492 acris
1468 2434 1677 2494 condemnant
1691 2471 1726 2481 -
1782 2425 1783 2442 ¹

403 2541 495 2602 Talia
515 2559 583 2600 cum
605 2537 818 2598 Chalcidenses
839 2537 924 2614 passi
946 2542 1056 2606 essent,
1079 2541 1312 2594 consentancum
1335 2542 1383 2594 est
1402 2534 1563 2594 Thisbaeis
1585 2557 1655 2596 eum
1675 2555 1729 2596 non

403 2643 501 2719 magis
522 2639 709 2718 pepercisse,
735 2638 868 2697 maxime
893 2637 949 2713 qui·
970 2646 1072 2696 essent
1097 2637 1193 2712 partis
1212 2635 1438 2707 Macedonicam
1465 2655 1535 2696 nam
1556 2638 1623 2698 eius
1643 2640 1729 2716 partis

402 2743 499 2804 fuisse
520 2742 609 2800 eredo
624 2740 765 2798 mulieres
785 2737 853 2797 illas
868 2756 936 2796 oum
950 2737 1111 2811 Fouearto‚
1134 2737 1216 2814 quod
1230 2736 1362 2796 Thisbes
1383 2737 1502 2814 regredi
1515 2745 1665 2813 vetantia,
1684 2759 1731 2799 ue·

404 2861 462 2920 que
477 2841 587 2914 obstat,
601 2840 681 2917 quod
692 2838 836 2898 Thisbaei
851 2839 902 2915 qui
916 2839 948 2898 in
962 2839 1020 2897 fide
1031 2848 1206 2898 manserunt
1220 2855 1340 2898 causam
1355 2856 1457 2897 earum
1472 2839 1504 2898 in
1515 2847 1623 2900 senatu
1636 2852 1730 2920 agunt,

404 2963 473 3004 cum
488 2941 664 3022 praesertim
680 2941 820 3000 mulieres
835 2941 903 3000 sint.
940 2940 1069 3000 Praetor
1088 2939 1273 3016 intellegitur
1293 2939 1414 2998 omnino
1436 2939 1514 2999 inter
1533 2940 1615 3000 cives
1637 2951 1666 3002 et
1684 2961 1730 3019 pe·

404 3041 594 3123 regriuos¹);
627 3061 698 3101 nam
725 3041 888 3101 secundum
914 3041 1049 3100 ordinem
1074 3041 1252 3101 iudiciorum
1279 3041 1352 3100 civis
1378 3039 1535 3102 Romanum
1559 3061 1598 3102 eo
1624 3053 1730 3102 mutum

406 3167 425 3206 a
446 3146 605 3223 peregrino
632 3145 664 3204 in
691 3147 739 3204 ius
761 3143 865 3203 vocari
886 3139 1027 3219 potuiti).
1070 3134 1138 3212 Δίκη
1162 3133 1275 3224 ὕβρεως
1298 3139 1416 3202 Graeco
1437 3143 1586 3202 vocabulo
1606 3145 1730 3222 legitimo

405 3247 445 3307 ad
458 3248 628 3307 Romanum
650 3263 796 3322 expresso
817 3245 897 3303 actio
920 3249 966 3303 est
984 3243 1254 3315 iniuriarumnon
1269 3243 1391 3320 publica
1404 3253 1510 3322 postea
1531 3244 1650 3306 demum
1671 3247 1731 3324 lege
1782 3263 1783 3270 ¹

406 3347 547 3410 Cornelia
559 3347 739 3419 introducta,
761 3344 815 3405 sed
837 3344 1047 3420 antiquissima
1061 3345 1189 3420 privata,
1210 3363 1287 3420 quae
1309 3345 1398 3404 etiam
1412 3355 1520 3405 contra
1532 3349 1730 3425 magistratum

406 3449 519 3524 intendi
543 3446 655 3526 potuit3
686 3449 714 3506 si
745 3445 817 3524 quid
842 3445 964 3505 fecisset
991 3464 1051 3503 non
1082 3445 1147 3504 iure
1173 3448 1381 3522 magistratus,
1422 3447 1478 3506 sed
1508 3447 1581 3507 odio
1610 3451 1731 3527 privato,

405 3552 469 3614 Nec
495 3549 724 3628 mapistratibas,
753 3546 904 3622 Ulpianus
931 3546 974 3604 ait
1007 3545 1094 3622 (Dig.
1117 3546 1168 3616 47,
1192 3547 1239 3620 10,
1262 3546 1333 3625 32),
1366 3547 1431 3607 licet
1458 3547 1576 3624 aqud
1601 3553 1731 3610 iniuriose

401 3657 521 3733 facere:
549 3655 577 3710 si
602 3651 673 3726 qaid
697 3651 787 3724 ipitar
804 3666 860 3724 per
885 3649 1023 3706 iniuriam
1042 3649 1144 3720 fecerit
1165 3651 1353 3724 respiceretur
1373 3649 1419 3708 ael
1438 3653 1524 3726 quasi
1540 3653 1674 3726 privans
1692 3653 1732 3710 od

402 3755 514 3830 ,iduma
534 3745 767 3828 mapistratasi),
788 3751 962 3807 iniuriarnm
973 3757 1069 3823 potest
1090 3751 1241 3808 conuenire.
1277 3751 1330 3809 sed
1348 3760 1443 3810 atram
1453 3755 1549 3828 posito
1569 3757 1732 3830 mapsam
1782 3787 1783 3792 κ

488 4091 512 4155 ¹)
536 4093 624 4157 Ipsum
638 4094 786 4145 Lucretium
805 4095 931 4160 intellegit
942 4095 1086 4147 Fourartus
1104 4109 1249 4161 perperam,
1266 4085 1365 4147 ‘contra
1381 4088 1534 4161 pruetorem'
1552 4105 1654 4149 rudens
1671 4098 1731 4166 quod
1782 4081 1783 4158 l

410 4185 475 4236 verti
494 4185 583 4236 debuit
598 4177 679 4250 ‘apud
697 4178 770 4236 cum’.
1782 4165 1783 4230 l

485 4273 510 4340 ²)
535 4277 640 4330 Scilicet
657 4292 789 4328 versamur
806 4279 834 4327 in
854 4278 885 4328 iis
905 4276 1077 4342 temporibus,
1103 4277 1195 4343 quibus
1213 4277 1326 4328 nominis
1344 4277 1478 4329 deferendi
1495 4279 1599 4344 priuato
1616 4282 1659 4332 ius
1676 4295 1731 4332 nou·

410 4368 473 4418 dum
493 4375 548 4418 erat
571 4383 654 4433 nequo
678 4374 751 4419 crant
770 4369 932 4434 quaestiones
950 4369 1115 4435 privataeque
1133 4370 1310 4420 accusationes
1327 4370 1404 4421 ubas.
1440 4371 1511 4423 sane
1530 4371 1562 4421 de
1581 4371 1629 4422 tuli
1647 4373 1732 4423 delicta

409 4459 489 4510 etiam
507 4459 638 4524 publicum
656 4459 779 4510 iudicium
797 4461 855 4510 fleri
873 4465 990 4524 poterat,
1013 4467 1043 4510 ut
1058 4467 1165 4526 propter
1183 4461 1281 4511 similes
1299 4461 1406 4512 iniurias
1425 4460 1640 4514 Chalcidensibus
1657 4465 1734 4514 illata
1782 4459 1783 4476 ³

410 4549 441 4601 C.
454 4551 588 4602 Lucretius
600 4565 647 4616 per
659 4551 776 4601 tribunos
788 4551 871 4616 plebis
883 4552 1016 4617 plebisque
1029 4552 1166 4603 concilium
1179 4552 1303 4602 multatum
1321 4559 1372 4616 est;
1391 4558 1419 4603 at
1436 4553 1565 4604 eiusmodi
1577 4555 1697 4606 iudicium
1709 4563 1734 4604 ut

409 4649 515 4706 propter
539 4643 667 4706 priuatum
693 4643 749 4692 lieri
773 4649 889 4707 poterat,
914 4643 951 4694 ite
975 4657 1029 4694 non
1053 4657 1100 4708 per
1117 4642 1259 4709 privatum,
1281 4656 1366 4709 usquc
1389 4643 1423 4694 sd
1445 4643 1475 4695 id
1492 4647 1732 4698 sanstusooasultum

409 4732 528 4796 pertinet.

488 4819 512 4883 ⁸)
535 4824 568 4875 Id
582 4840 632 4889 quo
644 4825 787 4890 perveniet,
808 4825 905 4890 optimo
922 4825 1082 4878 demonstrat
1100 4826 1170 4877 idem
1187 4824 1531 4892 annominasset,
1550 4827 1596 4878 ubi
1613 4831 1734 4880 achonem
1782 4817 1783 4860 ἒ

410 4926 444 4963 ex
462 4913 518 4977 lege
531 4913 640 4980 Aquilia
658 4916 704 4967 dat
722 4917 801 4966 etism
821 4924 911 4968 contra
928 4919 1114 4984 magistratum,
1135 4919 1179 4984 qui
1198 4919 1292 4984 pignus
1305 4918 1402 4983 ceperit
1418 4933 1473 4969 nou
1491 4918 1604 4984 exlege,
1625 4919 1734 4985 quamvis
1782 4985 1783 4990 Ἰ

409 5017 443 5054 ex
462 5003 519 5070 lege
537 5019 564 5056 so
584 5021 676 5078 capere
695 5007 800 5072 putarit.
832 5009 937 5061 Scilicet
955 5024 987 5062 ea
1006 5010 1074 5061 actio
1093 5011 1195 5076 culpam
1210 5016 1308 5060 tuntum
1327 5009 1444 5074 requirit.
1481 5009 1568 5072 Quare
1586 5025 1734 5077 quemquam
1782 5005 1783 5087 l

409 5109 473 5162 qaae
496 5096 551 5147 iare
564 5100 700 5164 potestatis
718 5116 736 5150 a
753 5099 905 5166 maqistrata
915 5099 990 5168 fiant,
1015 5101 1052 5152 ad
1069 5102 1220 5153 iniuriarum
1239 5102 1360 5152 achonem
1382 5116 1433 5150 non
1450 5102 1581 5169 pertinent
1603 5103 1677 5170 (Dig.
1695 5103 1733 5161 st,
1782 5101 1783 5186 l

410 5188 454 5248 10,
476 5188 519 5251 13,
540 5187 576 5251 6),
596 5191 618 5240 si
637 5191 700 5256 quid
712 5192 875 5256 magistratus
893 5195 938 5258 qui
955 5193 1006 5244 fuit
1022 5196 1051 5246 in
1069 5195 1221 5260 magistratu
1239 5191 1329 5245 contris
1345 5193 1388 5243 ius
1400 5193 1462 5243 dolo
1480 5194 1550 5244 mulo
1568 5194 1663 5248 iecisse
1681 5209 1734 5246 ron·
1782 5189 1783 5250 l

408 5277 527 5343 uincitur,
547 5295 703 5348 quamquam
722 5283 784 5333 tecit
802 5297 850 5348 pro
868 5285 1027 5350 magistratu,
1047 5287 1200 5338 iniuriarum
1219 5286 1404 5340 condemnetur
1421 5299 1525 5338 necesse
1543 5293 1591 5337 est.
