3578 5962
518 624 818 680 onsnnvnrrouns
835 624 954 678 111111.
974 621 1057 677 xm.
1377 609 1450 680 271

121 795 199 874 δικῆν
225 789 403 885 βαρβάρων.
442 793 517 856 duria
545 791 571 856 ὃθ
595 797 627 857 ἐκ
652 801 704 856 τοῦ
724 789 887 867 Πολέμωνος
907 787 992 856 ὄντων
1019 798 1084 856 siaiu
1111 788 1159 857 uui
1185 793 1338 884 ἓυεγιιτρός
1364 796 1379 872 ἦ
1407 792 1455 870 μὲν

119 896 208 972 ἐδέθη
231 894 327 961 Κότυϊ
342 903 384 979 τῷ
405 893 536 978 Σαπαῖῳ,
559 891 805 977 δολοφονηθέντος
826 888 857 958 δὲ
878 899 962 976 (ante
984 920 1011 959 a.
1034 919 1062 977 p.
1087 899 1158 962 (ihr.
1183 901 1219 960 19
1242 902 1316 962 Tac.
1339 923 1408 966 ann.
1424 903 1454 976 2,

121 1007 167 1068 65.
191 1005 246 1082 66)
270 994 414 1087 ἒχῆρουσε
429 998 537 1065 παῖδας
557 991 675 1079 ἔχοντα
696 997 732 1083 ἐξ
746 998 850 1060 αὐτοῦ·
873 993 1038 1062 δυναστεύει
1061 997 1087 1060 δ’
1105 994 1337 1087 ὁπρεσβῦτοαος
1350 1002 1453 1066 αὐτῶν.

119 1109 170 1166 τῶν
191 1096 221 1164 di
244 1109 298 1179 τῆς
318 1097 525 1189 Πυδοδωρῖδος
551 1105 616 1162 υἱιιΊν
637 1102 651 1163 ὅ
678 1092 727 1174 μὲν
753 1099 865 1175 ἰδιώτης
890 1095 1036 1180 συνδιῴκει
1062 1106 1097 1183 τῇ
1119 1096 1198 1189 μητρὶ
1223 1100 1274 1178 τὴν
1300 1102 1410 1192 ἀρχήν,
1438 1107 1453 1166 ὅ

121 1197 151 1266 δὲ
182 1198 284 1267 νεωστὶ
312 1199 499 1266 ›sufflo-raras
530 1208 582 1278 τῆς
612 1197 744 1283 μεγάλης
768 1203 915 1291 Ἀρμενίας
940 1197 1098 1271 Βασιλεύς·
1131 1202 1203 1278 αὐτὴ
1232 1199 1263 1265 δὲ
1291 1199 1454 1285 συνῴκησεν

119 1301 275 1393 Ἀρχελάῳ
304 1299 353 1366 uni
379 1299 535 1376 rariacum
568 1299 660 1385 ἐκείνῳ
689 1298 774 1392 με’·χρι
803 1299 901 1370 rii-ovs
927 1307 1037 1386 (tangit
1056 1310 1198 1368 Archelai
1226 1311 1306 1390 regis
1333 1310 1454 1390 Cappa·

122 1411 223 1471 dociae
256 1411 464 1482 evocationem
496 1411 528 1469 in
560 1411 664 1470 urbem
697 1429 723 1470 a.
750 1430 780 1488 p.
808 1408 880 1469 Chr.
911 1410 949 1468 14
981 1418 1164 1488 mortemque
1192 1431 1219 1471 a.
1247 1433 1275 1490 p.
1303 1411 1375 1474 Chr.
1400 1415 1455 1485 17,-

120 1513 155 1572 ci.
183 1513 259 1574 Tac.
290 1533 358 1572 ann.
383 1511 473 1585 142
506 1521 537 1572 11
563 1510 686 1572 Clinton
711 1513 781 1572 fest.
808 1513 890 1572 Hell.
915 1514 932 1572 3
959 1532 989 1590 p.
1012 1514 1098 1590 438),
1131 1516 1179 1571 νῦν
1207 1502 1237 1571 δὲ
1263 1505 1391 1599 χηρεύει,
1415 1505 1454 1574 τά

121 1637 150 1672 τε
168 1605 326 1694 λεχθέντα
347 1605 464 1692 ἔχουσα
479 1604 575 1698 χωρῖα
595 1603 643 1671 καὶ
664 1602 741 1672 ἄλλα
756 1607 863 1672 ἐκείνων
878 1604 1062 1698 χαριέστερα,
1082 1605 1143 1698 napi
1158 1603 1195 1673 civ
1209 1612 1319 1698 ἐφεξῆς
1332 1615 1453 1700 ἐροῦμεν.

122 1715 205 1790 Quae
233 1735 305 1776 cum
333 1717 451 1794 egregie
476 1717 656 1776 conveniant
682 1734 748 1776 cum
775 1716 862 1776 titulo
885 1715 1061 1794 Smyrnaeo,
1087 1736 1166 1777 nunc
1187 1717 1307 1778 demum
1328 1719 1455 1780 addisci·

122 1836 187 1878 mus
208 1817 448 1896 Pythodoridem
475 1826 577 1878 natam
598 1835 665 1877 esse
686 1838 725 1877 ex
745 1819 881 1878 Antonia
906 1825 936 1876 et
957 1819 996 1876 ab
1017 1819 1074 1878 hac
1095 1820 1162 1897 ipsa
1183 1821 1318 1883 Antonia
1337 1823 1455 1898 generis

123 1921 314 1996 splendorem
340 1921 532 1997 potissimum
558 1920 717 1997 proficisci.
765 1920 865 1979 Aliter
893 1920 971 1978 enim
1001 1921 1148 1999 explicari
1174 1923 1287 1998 nequit,
1319 1925 1401 2000 qnod
1426 1930 1457 1984 et

125 2023 256 2082 Antonia
283 2022 337 2082 illa
361 2023 531 2100 appellatur
556 2011 697 2105 εὐεργέτις
729 2023 890 2101 agnomine
916 2022 1000 2098 regio
1027 2030 1057 2082 et
1083 2022 1146 2080 lilia
1174 2013 1336 2106 φιλομήτωρ
1362 2023 1457 2100 (quod

125 2141 271 2201 agnomen
315 2125 386 2184 item
423 2123 500 2201 gerit
538 2123 571 2181 in
611 2123 699 2181 titulo
734 2123 836 2182 Attico
874 2123 954 2182 edito
994 2131 1066 2200 post
1100 2124 1176 2183 alios
1212 2143 1231 2182 a
1265 2124 1456 2202 Bergmanno

124 2224 241 2286 Balleia.
264 2227 287 2286 l.
310 2245 334 2285 c.
364 2246 399 2308 p.
417 2225 456 2286 81
484 2225 554 2283 hoe:
587 2219 601 2282 o‘
629 2217 742 2300 δῆμ[ος]
773 2215 956 2290 βασίλισσαν
982 2217 1175 2308 Πυθοδωρῖδα
1204 2215 1393 2309 φιλομήτορα)
1426 2237 1457 2286 st

126 2345 217 2404 nepos
262 2320 467 2411 θυγατριδοῦς
500 2325 651 2386 Antoniae
695 2327 865 2402 praeteritis
908 2327 973 2384 avis
1008 2326 1124 2386 duobus
1160 2327 1287 2403 aviaque
1323 2335 1454 2402 paterna

125 2426 262 2506 Denique
280 2429 359 2506 quod
380 2430 410 2488 in
425 2429 600 2506 parentibus
615 2428 746 2486 Zenonis
769 2427 978 2486 enumerandis
993 2434 1088 2488 mater
1108 2429 1213 2506 regina
1226 2435 1340 2507 patrem
1355 2445 1456 2506 regem

125 2532 286 2604 praecedit,
308 2549 344 2590 eo
360 2531 544 2607 significatur
558 2531 666 2606 opinor
687 2547 811 2608 regnum
826 2529 917 2588 Ponti
938 2530 982 2588 ita
996 2530 1138 2607 coniuges
1151 2531 1244 2616 'simul
1258 2531 1402 2605 tenuisse,
1424 2539 1457 2591 ut

126 2630 160 2690 ad
186 2633 423 2710 Pythodoridem
455 2632 554 2710 potius
582 2639 731 2709 spectaret
761 2648 850 2706 qnam
883 2631 922 2689 ad
948 2631 1153 2696 Polemonem.
1195 2631 1344 2708 Equidem
1377 2641 1456 2693 certe

127 2732 212 2793 aliam
234 2736 302 2794 eius
324 2734 530 2794 collocationis
551 2733 697 2792 rationem
718 2732 855 2792 idoneam
872 2733 986 2792 nullam
1000 2733 1164 2812 perspicio;
1190 2753 1260 2793 nam
1274 2752 1456 2811 quamquam

126 2833 186 2893 fieri
213 2845 326 2912 potest,
353 2843 386 2895 ut
406 2855 466 2912 quo
488 2845 623 2914 tempore
646 2843 747 2896 statua
767 2834 881 2894 Zenoni
908 2835 1045 2894 dedicata
1071 2842 1126 2909 est,
1144 2835 1317 2898 ¹Polemone
1339 2847 1456 2897 mortuo

127 2935 309 3014 Pythodoris
335 2938 402 2997 sola
428 2939 575 3016 regnarit,
601 2947 724 3016 propter
750 2955 816 2996 eam
843 2956 979 3011 cansam,
1006 2938 1089 3014 quod
1115 2947 1202 3014 pater
1223 2948 1360 2998 mortuus
1382 2947 1456 3012 erat,

128 3048 219 3100 mater
244 3051 345 3100 autem
371 3039 402 3098 in
429 3040 522 3113 rivis,
550 3046 637 3116 pater
665 3039 753 3096 matri
779 3039 922 3116 postponi
948 3058 1009 3098 non
1036 3039 1148 3098 debuit.
1197 3037 1311 3099 Contra
1336 3042 1456 3118 generis

129 3141 269 3216 splendor
289 3152 320 3201 et
333 3137 432 3219 ipsum
447 3139 666 3218 quodammodo
687 3157 811 3216 regnum
834 3141 860 3198 11
876 3139 1122 3218 proficiscebatur
1144 3140 1182 3198 ab
1197 3141 1330 3200 Antonia
1342 3141 1456 3219 Pytho-

130 3241 239 3304 doridis
264 3252 369 3316 matre,
391 3228 426 3303 et¹
442 3244 500 3302 hoc
520 3243 713 3320 intellegitur,
739 3261 791 3302 111
812 3243 918 3301 marito
941 3242 1080 3300 defuncto
1107 3261 1167 3300 non
1187 3241 1267 3300 filius
1290 3242 1457 3302 11111111-

129 3345 208 3418 serit,
230 3347 287 3406 sed
310 3365 388 3405 uxor
408 3346 498 3406 etiam
521 3352 609 3406 antea
623 3361 679 3404 suo
698 3344 763 3404 iure
784 3361 915 3420 regnans
931 3350 1038 3420 postea
1052 3343 1120 3402 sola
1133 3343 1275 3420 regnarit,
1297 3352 1328 3404 et
1347 3343 1456 3403 marito

129 3462 179 3504 cnr
208 3457 421 3526 praeponatur.
474 3445 571 3521 Quam
604 3446 643 3505 ob
675 3465 737 3506 rem
770 3447 844 3504 haec
871 3446 1005 3505 Antonia
1036 3463 1185 3523 quaenam
1217 3462 1284 3506 esse
1316 3446 1457 3522 potuerit,

129 3547 291 3608 videamus.
1091 3593 1097 3598 -

206 3653 347 3712 Aetatem
378 3651 530 3710 Antoniae
561 3650 780 3727 quodammodo
812 3649 956 3708 definiunt
987 3667 1064 3727 quae
1090 3649 1127 3707 de
1157 3649 1221 3708 filia
1250 3648 1457 3726 Pythodoride

130 3750 252 3829 eiusque
274 3753 418 3831 progenie
438 3752 550 3812 tradita
570 3753 725 3812 habemus.
768 3751 878 3812 Filium
900 3751 1116 3829 Pythodoridis
1137 3759 1209 3810 natu
1234 3751 1379 3809 minorem
1401 3750 1456 3810 Ze·

130 3871 233 3914 nonem
254 3873 347 3932 supra
360 3855 488 3914 vidimus
510 3873 584 3932 ap.
600 3853 671 3914 Chr.
690 3855 896 3928 1811111111111
917 3855 1054 3913 invenem
1076 3854 1107 3914 in
1121 3851 1330 3913 venationibus
1345 3851 1458 3927 epulis·

131 3957 328 4030 quercetani,
348 3955 442 4019 filiam
463 3965 586 4034 nuptam
608 3955 700 4035 Cotyi
720 3957 784 4034 rogi
804 3956 953 4017 Thraciae
975 3957 1055 4016 circa
1075 3956 1154 4015 idem
1168 3963 1286 4032 tempus
1300 3953 1457 4014 1111111111

130 4053 345 4136 habentemque
371 4058 483 4120 liberos
510 4078 589 4136 ap.
612 4057 684 4119 Chr.
710 4059 747 4118 19
775 4058 907 4117 nondum
934 4059 1063 4131 adultos,
1079 4065 1128 4118 ·ut
1155 4067 1237 4118 tutor
1262 4075 1365 4116 eorum
1389 4055 1457 4115 laco

130 4175 251 4238 regnum
265 4161 384 4222 interim
399 4169 541 4221 tractaret
557 4160 695 4236 (Tacitus
710 4179 777 4218 ann.
791 4159 819 4233 1,
833 4159 898 4236 67).
926 4159 1118 4236 Quapropter
1132 4177 1198 4218 eum
1213 4158 1268 4216 filii
1282 4156 1456 4215 Polemonis

131 4267 160 4316 et
172 4261 388 4342 Pythodoridis
409 4273 478 4324 ante
493 4281 603 4322 annum
618 4269 698 4320 11111
712 4261 773 4322 150
787 4261 850 4320 nati
871 4261 932 4320 sint
953 4271 983 4320 et
995 4278 1120 4318 numero
1140 4267 1201 4318 tres
1218 4257 1338 4328 fuerint,
1359 4256 1457 4330 ipsius

132 4360 345 4439 Pythodoridis
366 4366 482 4426 natales
504 4373 572 4424 ante
586 4382 695 4422 annum
711 4369 790 4422 certe
806 4360 865 4421 727
880 4362 1052 4434 reiciantur,
1074 4362 1166 4422 immo
1181 4357 1336 4437 probabile
1357 4353 1456 4416 estad

133 4480 240 4526 annum
262 4465 432 4527 1110111
453 4467 644 4527 adscendere.
676 4465 726 4530 Ita
746 4482 805 4542 quo
828 4473 960 4540 tempore
976 4462 1085 4526 Strabo
1104 4462 1226 4538 scripsit
1246 4457 1458 4536 quinquagesi-

133 4581 209 4627 mum
237 4567 300 4627 fere
327 4588 438 4629 annum
465 4570 573 4646 agebat
599 4569 752 4643 vitamque
779 4565 953 4643 protrahere
978 4566 1076 4643 potuit
1102 4565 1141 4623 ad
1167 4582 1195 4621 a.
1225 4546 1252 4622 u.
1281 4579 1306 4620 1.
1334 4558 1392 4618 791
1417 4583 1455 4610 =

133 4685 160 4743 p.
175 4667 247 4730 Chr.
264 4671 315 4742 38,
329 4689 388 4748 quo
404 4671 529 4730 Polemo
544 4670 666 4730 ultimus
679 4687 734 4728 rex
749 4668 840 4728 Ponti
854 4685 979 4746 regnare
993 4665 1136 4743 coepitl).
1157 4697 1195 4708 -
1220 4661 1309 4738 Quod
1323 4662 1350 4721 si
1364 4659 1456 4720 Wad-

208 4927 233 4992 1)
259 4928 425 4996 Quamquam
447 4936 582 4996 postquam
606 4928 826 4994 Waddingtonius
851 4928 939 4978 docuit
965 4927 1034 4979 huno
1056 4928 1085 4978 in
1106 4925 1219 4977 nummis
1242 4923 1304 4974 anni
1326 4921 1365 4973 sui
1390 4919 1460 4971 tertii

135 5018 231 5071 vultum
248 5037 339 5087 gerere
358 5023 432 5087 pueri
451 5037 578 5074 annornm
600 5021 655 5072 fere
679 5021 824 5088 quindecim
848 5021 935 5085 itaque
955 5033 1003 5084 pro
1021 5019 1076 5070 lilio
1094 5013 1280 5083 Pythodoridis
1297 5013 1388 5066 haberi
1405 5023 1460 5063 nen

136 5122 217 5176 posse,
236 5113 346 5164 tortasse
364 5114 433 5165 inter
450 5129 509 5164 eum
527 5115 695 5178 ultimumque
707 5113 876 5164 Polemonem
888 5111 1090 5178 interponendas
1102 5117 1141 5163 111
1152 5110 1261 5164 Ρ111111
1273 5103 1461 5173 Pythodoridls

136 5197 201 5254 illius
219 5204 304 5256 maior
322 5207 357 5267 is,
384 5220 459 5276 quem
478 5205 636 5272 aliquamdiu
661 5219 719 5255 1111
738 5209 820 5256 matre
838 5219 945 5271 regnum
964 5204 1156 5256 administrasse
1175 5193 1272 5257 Strabo
1288 5197 1385 5251 scribit.
1423 5194 1462 5246 At

137 5305 192 5347 cum
208 5297 303 5352 Strabo
322 5297 451 5363 significet
469 5312 528 5350 anm
546 5305 628 5350 matre
646 5297 707 5350 vira
723 5311 832 5366 regnum
851 5313 908 5350 eum
927 5312 959 5350 11
978 5295 1158 5350 administrare
1171 5293 1287 5356 11111111,
1304 5287 1388 5356 magis
1406 5298 1460 5339 ⁰10-
