3578 5962
335 617 410 690 274
906 629 1088 683 uenustus

334 829 364 888 p.
387 808 458 880 649,
490 800 525 887 ἐξ
553 801 643 874 αὐτῆς
675 802 858 878 (Trallibus)
891 801 959 858 εἷτιν
986 802 1009 860 ci
1035 792 1224 884 πρωτεύοντες
1247 796 1325 860 κατὰ
1350 797 1400 874 την
1426 797 1586 886 ἐπαρχίαν,
1616 793 1664 867 ode

332 901 503 993 Ἀτιτὲρχας
520 909 672 966 καλοῦσιν·
694 892 731 963 oio
745 895 920 987 Πυθέδωρός
937 926 968 962 τε
988 892 1021 974 ἦν
1042 899 1109 988 ἀνὴρ
1131 897 1264 966 Noccsdo
1284 897 1315 962 rd
1337 899 1374 986 ἐξ
1394 899 1502 988 ἀρχῆς,
1522 904 1614 964 ineisa
1634 894 1665 962 di

333 1003 549 1083 μεταβεβηκὼς
569 1002 617 1066 dni
637 1002 687 1077 τὴν
708 995 874 1083 ἐπιφάνειαν
894 996 942 1064 reni
964 1004 992 1064 ἓν
1011 1006 1047 1084 τῇ
1067 1000 1136 1090 πρός
1156 999 1298 1078 Πομπήιον
1319 999 1404 1084 φιλίᾳ
1426 999 1587 1091 διαπρέπων
1607 1000 1663 1076 μετ’

334 1106 446 1191 lar'puv.
483 1101 692 1195 περιεβέβλητο
715 1097 745 1166 di
765 1099 814 1166 urei
835 1099 932 1166 odrice
952 1095 1109 1179 βασιλικην
1134 1098 1268 1167 πλετᾶνων
1292 1099 1310 1180 ἢ
1331 1100 1484 1187 διτχιλῖων
1508 1099 1665 1176 ταλάντων,

332 1206 366 1288 ἣν
391 1211 447 1274 del
470 1207 613 1296 Καίσαρος
637 1213 691 1270 'rob'
710 1207 788 1268 θεοῦ
813 1207 977 1294 πραθεῒταν
1004 1204 1053 1268 lad
1073 1204 1124 1282 τὴν
1144 1205 1213 1294 πρδς
1234 1201 1374 1282 Πομπηιον
1397 1203 1497 1289 φιλιάν
1518 1199 1662 1292 {furneri-

332 1339 414 1390 μενος
439 1313 501 1394 οὐχ
526 1307 598 1387 ἥττω
620 1316 678 1375 τοῖς
699 1303 781 1372 nutri
801 1303 945 1370 uariam·
970 1302 1071 1370 veiireu
1094 1306 1121 1369 δ’
1140 1302 1200 1370 ἐστὶ
1221 1305 1360 1396 θυγάτηρ
1383 1303 1559 1394 Πυθοδωρῖς
1579 1307 1597 1381 ἦ
1618 1314 1664 1370 νῦν

332 1411 536 1487 βασιλεύουσα
557 1416 584 1473 ἒν
606 1418 648 1492 τῷ
668 1411 772 1491 Πόντῳ.
815 1412 895 1476 Sane
922 1433 1101 1492 quamquam
1130 1414 1276 1476 eiusmodi
1301 1415 1525 1475 matrimonium
1541 1433 1573 1476 ¹a
1595 1432 1664 1474 con·

333 1521 490 1582 suetudine
511 1519 656 1578 nobilium
678 1517 882 1576 Romanorum
905 1517 1053 1588 abhorret,
1076 1518 1113 1576 ab
1134 1518 1267 1576 Antonio
1288 1517 1367 1594 apud
1385 1515 1521 1577 Graecos
1537 1515 1664 1576 Graecis

334 1624 467 1683 moribus
490 1631 519 1682 et
541 1621 698 1698 imperium
720 1619 948 1678 administrante
969 1628 1000 1677 et
1027 1619 1146 1677 domum
1173 1619 1295 1678 minime
1322 1619 1454 1678 alienum
1478 1629 1540 1690 est,
1567 1637 1663 1696 neque

336 1723 534 1802 improbabile
556 1721 747 1799 Cleopatram
770 1739 831 1780 non
851 1721 976 1780 invitem
997 1719 1112 1780 homini
1130 1720 1352 1796 gratiosissimo
1373 1731 1403 1780 et
1424 1721 1590 1794 ditissimo,
1611 1721 1662 1780 sed

332 1826 490 1904 peregrino
511 1825 680 1903 privignam
702 1823 833 1901 legitime
853 1831 956 1882 natam
976 1821 1142 1881 ducendam
1163 1822 1292 1882 dedisse.

415 1927 589 1987 Polemonis
615 1925 954 2002 posterorumque-eius
983 1941 1033 1983 res
1065 1923 1109 1982 ite
1137 1923 1199 1983 fere
1225 1925 1362 1983 videntur
1391 1941 1482 2001 posse
1508 1926 1660 1985 constitui.

332 2031 373 2090 M.
395 2031 545 2089 Antonius
571 2047 632 2105 quo
661 2036 794 2102 tempore
819 2045 867 2086 res
892 2026 985 2084 Asiae
1011 2025 1168 2096 ordinavit,
1196 2033 1307 2098 motus,
1336 2033 1370 2085 ut
1395 2026 1524 2098 videtur,
1551 2027 1661 2086 virtute

332 2133 463 2192 Zenonis
490 2131 619 2190 rhetoris
640 2128 818 2200 Laodiceni,
845 2146 907 2205 qua
933 2127 1070 2205 epatris
1096 2128 1168 2186 urbe
1197 2146 1224 2186 a.
1248 2128 1309 2186 714
1331 2127 1460 2188 Parthos
1486 2129 1662 2206 reppulerat

331 2233 446 2310 (Strab.
470 2234 517 2305 14,
533 2230 562 2303 2,
586 2231 623 2289 25
647 2251 676 2308 p.
693 2229 778 2306 660),
801 2249 828 2289 1.
849 2231 909 2289 715
931 2229 995 2289 illio
1017 2229 1083 2289 eius
1104 2229 1263 2289 Polemoni
1284 2231 1348 2306 regi
1369 2230 1523 2307 appellato
1544 2238 1659 2308 partem

332 2335 456 2397 Ciliciae
477 2333 590 2404 tribuit,
613 2332 727 2391 scilicet
741 2331 927 2409 Lycaoniam
947 2351 1015 2390 cum
1037 2331 1111 2390 urbe
1131 2329 1281 2406 Iconio.¹)
1314 2331 1433 2393 Deinde
1454 2350 1481 2390 a.
1498 2331 1560 2391 718
1582 2333 1660 2392 idern

330 2434 495 2515 tamquam
509 2455 564 2494 rex
584 2434 677 2493 Ponti
701 2434 836 2493 interluit
859 2434 940 2493 bello
966 2434 1091 2492 Antonii
1116 2431 1310 2509 Parthico⁹);
1335 2435 1417 2510 quod
1444 2453 1572 2513 regnum
1594 2454 1660 2493 cum

330 2560 359 2602 a.
374 2541 435 2600 715
450 2539 601 2598 Α1111111
622 2537 808 2597 attribuisset
822 2535 917 2594 Dario
930 2534 1096 2594 Pharnacis
1115 2535 1189 2608 filio,
1210 2535 1249 2594 ad
1263 2535 1459 2595 Polemonem
1480 2537 1660 2596 menolatum

330 2659 400 2703 esse
420 2641 538 2700 videtur
559 2648 682 2716 propter
702 2656 751 2697 res
774 2639 812 2698 ab
835 2639 903 2714 ipso
928 2637 1044 2696 fortiter
1062 2646 1164 2715 gestas
1185 2637 1311 2696 ducibus
1331 2637 1472 2697 Ventidio
1494 2648 1525 2698 et
1543 2637 1659 2700 Sossio.

332 2740 478 2805 Similiter
501 2747 623 2818 propter
650 2739 794 2798 auxilium
821 2741 879 2815 ipsi
902 2739 1035 2799 Antonio
1061 2739 1091 2798 in
1119 2739 1199 2798 bello
1224 2739 1276 2796 illo
1297 2741 1474 2816 praestitum
1495 2758 1660 2817 pacemque

330 2863 398 2904 cnm
421 2842 518 2902 hledis
541 2841 726 2900 conciliatam
749 2860 776 2900 1.
793 2840 850 2899 721
875 2841 1049 2900 Armeniam
1070 2841 1214 2900 minorem
1230 2840 1390 2918 accepitl)
1426 2839 1540 2918 Copiae
1562 2845 1660 2903 abeo

330 2946 441 3006 missae
468 2945 505 3003 ad
527 2943 644 3003 Actium
672 2961 792 3020 quoque
814 2942 1066 3019 pugnaverunt.⁴)
1108 2943 1239 3003 Devicto
1262 2943 1396 3002 Antonio
1418 2943 1507 3003 Ponti
1532 2965 1661 3024 regnum

330 3067 399 3110 eum
418 3046 513 3106 nihilo
539 3045 639 3104 minus
664 3045 823 3104 retinuisse
847 3044 918 3104 inde
943 3045 1107 3123 colligitur,
1135 3044 1216 3122 quod
1241 3045 1365 3105 annales
1386 3046 1521 3106 scribunt
1545 3065 1574 3105 a.
1597 3045 1658 3108 728

328 3149 522 3210 Polemonem
537 3148 628 3207 Ponti
641 3165 742 3224 regem
756 3147 947 3206 1111111οοί11
966 3155 996 3205 et
1011 3147 1126 3206 amicos
1140 3146 1245 3224 populi
1260 3147 1390 3224 Romani
1403 3147 1531 3207 relatum
1546 3149 1660 3226 esee-⁵)

329 3251 442 3313 Postea
466 3269 494 3310 1.
517 3250 577 3308 740
603 3250 690 3308 iussu
710 3248 866 3327 Agrippae
891 3267 959 3308 cum
984 3247 1180 3327 Bosporanos
1206 3249 1297 3308 111111
1326 3249 1505 3325 domuisset,
1531 3253 1660 3329 praemii

328 3354 396 3413 loco
418 3353 507 3412 ducta
525 3351 690 3410 Pharnacis
712 3351 776 3409 filia
792 3348 927 3428 Dynami
948 3369 1003 3408 rex
1025 3369 1127 3410 eorum
1150 3352 1330 3411 constitutus
1350 3361 1396 3410 est
1417 3354 1456 3413 ab
1469 3351 1659 3432 Augustei).

329 3454 434 3516 Uxore
461 3453 561 3532 paullo
588 3461 657 3530 post
681 3451 823 3512 defuncta
849 3451 995 3512 secundas
1027 3453 1150 3530 nuptiae
1177 3455 1329 3512 contraxit
1358 3472 1425 3512 cum
1451 3454 1663 3534 Pythodoride

329 3557 456 3616 Antonii
477 3555 625 3614 triumviri
651 3575 691 3613 ex
716 3553 779 3615 filia
804 3561 901 3634 nepte·
919 3571 945 3613 c.
968 3573 995 3612 a.
1025 3553 1084 3613 742
1109 3554 1167 3627 ite,
1192 3563 1226 3613 ut
1250 3573 1328 3614 uxor
1353 3573 1421 3614 cnm
1447 3573 1483 3614 eo
1509 3565 1541 3616 et
1567 3557 1661 3618 simol

280 3713 282 3718 .
329 3667 359 3719 et
379 3659 454 3718 adeo
476 3657 575 3734 priore
595 3655 663 3715 loco
684 3655 715 3713 in
735 3654 834 3716 Ponto
856 3661 1004 3733 regnaret,
1024 3656 1096 3717 item
1118 3657 1183 3716 sine
1204 3656 1295 3715 dnbio
1315 3656 1417 3717 liberis
1438 3677 1478 3717 ex
1500 3677 1536 3718 eo
1557 3661 1661 3720 1111τί-

406 3997 429 4060 ¹)
448 3993 563 4062 Ap'pien.
583 3995 608 4046 b.
629 4013 650 4048 c.
672 3997 696 4059 5,
719 3998 766 4048 751
792 3991 849 4061 ἵστη
879 3995 906 4048 δὲ
930 4015 963 4062 πη
988 3997 1029 4048 καὶ
1048 3995 1175 4063 derelict
1199 3987 1239 4057 οὓς
1264 3988 1421 4070 &carpinetae
1444 3997 1483 4050 tet
1503 3987 1591 4069 ᾲὸροις
1609 3991 1660 4074 ἔρα

327 4083 492 4160 τετιγμΙνοις.
530 4076 631 4138 Ilo'rroo
655 4085 698 4156 pir
716 4087 829 4157 Δαρεϊον
846 4079 889 4141 ede
914 4080 1057 4161 Φᾶρνᾶκους
1080 4089 1124 4141 τοῦ
1147 4080 1316 4160 711811δᾶ111
1330 4124 1429 4140 .....
1453 4090 1494 4142 aad
1514 4091 1661 4162 1711111111

328 4181 417 4255 μίρους
434 4173 560 4238 Κιλικίας.
595 4181 680 4234 strab.
701 4183 744 4244 12,
766 4183 791 4244 6,
813 4184 827 4232 1
848 4199 872 4249 p.
888 4185 955 4236 5681
973 4171 1075 4234 ’ledetur
1089 4217 1096 4232 .
1112 4217 1119 4231 .
1135 4217 1142 4233 .
1161 4181 1234 4234 τοῦτο
1253 4175 1275 4232 δ’
1293 4175 1352 4254 εἶχε
1371 4179 1505 4252 nollent,
1525 4186 1571 4237 ubi
1588 4197 1661 4240 reete

327 4275 474 4328 observavit
496 4275 609 4328 Salletus
631 4290 657 4340 p.
679 4275 712 4326 57
737 4275 1009 4327 alium-Polemonem
1032 4277 1146 4341 intellegi
1169 4291 1223 4326 non
1245 4290 1321 4340 posse
1344 4291 1420 4342 quem
1438 4278 1553 4330 Zenonis
1573 4280 1659 4333 lilium

326 4369 468 4421 identidem
486 4367 521 4417 in·
533 4366 626 4416 eodem
645 4366 711 4416 libro
730 4381 746 4416 e
764 4366 893 4418 Strabone
912 4375 1091 4419 memoratum.
1128 4367 1247 4420 Eundem
1266 4383 1353 4433 regem
1372 4369 1530 4434 appellatum
1548 4387 1605 4423 esee
1625 4375 1660 4424 eb

326 4458 444 4514 Antonio
468 4453 592 4524 primum,
618 4457 712 4508 deinde
740 4457 772 4508 ab
792 4459 910 4524 Augusto
934 4461 1004 4511 idem
1028 4460 1118 4528 scribit
1138 4461 1181 4522 12,
1202 4461 1227 4522 8,
1250 4459 1282 4510 18
1299 4476 1325 4525 p.
1346 4461 1408 4511 578.
1445 4461 1542 4512 Errant
1560 4473 1659 4528 eutem,

325 4555 348 4604 ei
367 4553 429 4621 quid
446 4551 532 4614 rideo,
553 4551 596 4616 qul
616 4549 666 4599 hoc
683 4550 831 4614 Lycaoniae
849 4567 958 4616 reguum
975 4552 1125 4604 Polemonis
1144 4568 1203 4604 cum
1221 4552 1340 4617 dynamio
1359 4551 1465 4604 Olbensi
1483 4555 1659 4620 confundunt,

327 4659 403 4709 quam
421 4651 486 4693 11111
504 4643 631 4696 Strabone
650 4642 713 4692 setis
732 4649 831 4692 constat
850 4658 882 4694 11
899 4650 983 4694 aetate
1001 4643 1036 4694 ad
1053 4645 1199 4695 Zenonidee
1216 4660 1270 4696 uou
1288 4645 1450 4710 accurare.

401 4731 426 4797 ²)
446 4735 499 4785 Dio
519 4735 563 4796 49,
584 4734 627 4785 at.
668 4735 799 4786 Plutarch.
820 4727 883 4787 Ant.
904 4735 948 4787 38.

401 4824 699 4889 &maffia

400 4915 425 4981 ⁴)
444 4917 575 4969 eruens.
594 4905 658 4969 111.
678 4918 722 4968 cr.

402 5007 427 5073 ⁵)
446 5010 500 5061 Dio
520 5008 564 5069 53,
585 5009 628 5058 25.
1152 5039 1155 5047 .

402 5099 427 5164 ⁶)
446 5101 500 5152 Dio
520 5100 563 5161 54,
585 5100 629 5150 24.
667 5099 725 5161 Quo
749 5104 861 5167 pertinet
884 5103 953 5168 quod
977 5103 1014 5154 ait
1038 5101 1133 5156 Strabo
1153 5104 1196 5166 12,
1218 5103 1243 5166 8,
1265 5103 1298 5154 16
1317 5119 1343 5168 p.
1364 5104 1431 5154 5781
1458 5099 1609 5170 lichiam.
1626 5139 1656 5154 ..

325 5188 463 5256 βασιλείας
486 5179 583 5256 detribu
604 5176 711 5248 11τᾶ1
734 5185 907 5262 ἄνδραγαθιάς
923 5185 970 5244 ὐπ’
993 5186 1126 5244 ’Asturica
1144 5191 1188 5262 pls
1204 5183 1331 5265 πρότιρον,
1351 5181 1398 5246 del
1415 5189 1546 5262 Καίσαρος
1565 5191 1594 5244 dl
1613 5195 1660 5246 τοῦ

324 5279 460 5347 Σεβαστοῦ
478 5270 539 5354 perd
556 5279 641 5334 ταῦτα.
