3546 5950
450 629 747 685 osssavsmouns
764 631 884 684 uersu.
903 631 956 684 111.
976 632 1026 684 ιν.
1354 617 1400 688 77

75 806 135 882 uis)
157 803 273 881 aliquot
294 810 324 862 et
343 801 518 880 Hispanicis
539 802 686 862 Alfonsus
708 802 834 863 castrus
856 803 1010 882 Hispanus
1022 805 1066 882 ¹):
1089 805 1119 864 in
1132 805 1260 868 Gallicis
1280 811 1401 887 quidam

76 907 234 966 canonicus
251 904 463 982 Lugdunensis
485 913 515 962 et
529 904 678 963 Minucius
699 913 785 982 pater
799 903 945 964 Tolosae:
967 907 998 964 in
1015 904 1202 969 Germanicis
1217 910 1402 988 Mogentiuis

76 1009 174 1066 nescio
195 1007 275 1084 quis.
311 1005 421 1063 Fertur
442 1004 588 1082 Cyriacus
609 1005 817 1064 Anconitanus
838 1005 1015 1066 Latinorum
1034 1005 1278 1087 Graecorumque
1300 1014 1402 1072 huius·

76 1107 154 1168 modi
179 1108 428 1185 epigrammatum
457 1106 598 1164 volumen
625 1105 799 1165 coniecisse.
843 1107 929 1166 Ferri
955 1126 1027 1167 vero
1052 1129 1113 1168 non
1141 1119 1242 1186 potest
1269 1116 1401 1174 auctoris

76 1208 140 1268 libri
166 1207 273 1268 Italice
300 1207 405 1284 scripti
431 1207 518 1266 titulo
545 1206 841 1284 Hypnerotomachia
861 1207 1005 1286 Poliphili
1035 1211 1176 1286 audacia,
1206 1215 1259 1290 qui
1286 1222 1331 1274 tot
1357 1217 1404 1275 in·

77 1309 252 1386 scriptiones
272 1308 398 1368 Latinas
420 1315 449 1368 et
471 1306 604 1367 Graecas
625 1309 780 1366 confluxit
817 1308 978 1369 Florianus
1000 1310 1152 1389 Ocaurpus
1174 1315 1226 1390 qni
1246 1315 1402 1376 historiam

75 1409 241 1486 Hispaniae
269 1410 402 1487 scripsit,
430 1409 537 1468 dicitur
564 1427 668 1468 omnes
690 1409 858 1486 Hispaniae
879 1421 995 1471 veteres
1021 1414 1230 1490 inscriptiones
1256 1417 1402 1478 inunum

77 1512 212 1570 volumen
240 1509 467 1588 congessissel)
494 1519 524 1570 et
550 1511 594 1568 Io.
621 1511 791 1570 Aventinus
813 1513 906 1572 totius
929 1509 1127 1572 Germaniae’.
1170 1515 1214 1574 Et
1232 1529 1302 1593 post
1327 1521 1406 1579 aliu.-

77 1609 147 1690 ‘llgo
167 1621 249 1672 certe
263 1613 316 1670 vix
337 1612 425 1671 tidem
447 1612 576 1670 adhibeo
596 1611 669 1684 illis,
690 1630 767 1688 quae
789 1613 852 1689 qui,
873 1621 1033 1690 postquam
1055 1615 1136 1674 edita
1155 1617 1285 1692 fuerunt,
1307 1639 1344 1678 ea
1364 1639 1405 1680 ex

76 1713 147 1790 ipsis
169 1714 257 1772 saxis
280 1714 426 1785 correxit,
452 1731 511 1771 nou
533 1712 623 1792 vidit5
653 1713 783 1772 maxime
802 1714 913 1790 quibus
935 1715 993 1774 loci
1015 1715 1171 1793 inscriptio
1192 1717 1286 1779 deest
1328 1721 1404 1782 Inde

78 1813 149 1873 euim
176 1815 380 1874 coniecturam
406 1814 484 1872 facio
511 1815 589 1872 bunc
615 1813 726 1872 librum
755 1833 795 1874 ex
824 1815 965 1891 quopiam
993 1819 1105 1876 recenti
1131 1819 1248 1894 codice,
1276 1841 1336 1881 non
1365 1843 1404 1883 ex

77 1914 146 1991 ipsis
167 1916 256 1976 saxis
277 1915 475 1991 exscriptum:
502 1914 630 1974 sortasse
651 1935 691 1974 ex
712 1914 859 1992 Carpensi
880 1918 983 1976 codice
1004 1927 1034 1977 et
1055 1918 1165 1993 altero,
1187 1930 1219 1980 ut
1240 1923 1404 1999 deprehen·

78 2011 185 2077 dimus’.

305 2387 361 2446 IV.
407 2386 693 2447 GRAMMATICA
711 2387 772 2447 EX
793 2386 920 2450 Acrls
941 2388 1173 2450 ARVALIVM.

158 2532 349 2610 Quamquam
384 2534 608 2612 grammatistae
635 2533 674 2604 ii,
708 2532 761 2608 qui
789 2533 828 2591 ad
855 2533 1065 2611 inscriptiones
1092 2554 1211 2613 quoque
1240 2539 1406 2615 attendunt,

81 2636 201 2696 fumasse
229 2633 301 2713 plus
328 2633 428 2694 damni
449 2634 568 2693 Latinis
595 2634 704 2693 litteris
730 2633 895 2692 attulerunt
915 2653 1005 2711 quum
1027 2637 1165 2697 utilitatis
1195 2638 1306 2715 (solent
1326 2642 1406 2701 enim

80 2747 196 2815 propter
215 2735 412 2796 instrumenti
433 2735 616 2812 epigraphici
637 2735 837 2812 ignorantiam
859 2736 937 2796 male
958 2736 1037 2795 lecta
1058 2745 1088 2796 et
1106 2739 1226 2814 plebeia
1239 2749 1270 2799 et
1284 2743 1407 2802 omnino

81 2838 191 2897 inutilia
216 2837 408 2916 potissimum
433 2855 594 2912 excerpere
620 2846 650 2895 et
675 2845 710 2896 ut
735 2835 843 2896 medici
864 2837 994 2913 imperiti
1016 2856 1123 2898 nocere
1143 2839 1219 2918 ipsis
1240 2843 1406 2920 remediis),

81 2959 147 2999 cura
173 2939 345 3000 adhibenda
372 2947 432 3010 est,
462 2957 500 2998 ne
526 2946 648 3022 propter
672 2955 775 2996 eorum
804 2957 921 2998 errores
947 2939 1175 3017 inscriptionum
1201 2942 1231 3000 in
1259 2943 1406 3004 eiusmodi

81 3041 339 3119 disquisitionibus
361 3039 522 3099 auctoritas
544 3048 752 3098 contemnatur
772 3039 820 3098 vel
840 3039 1009 3099 infametur.
1049 3041 1086 3099 Id
1108 3049 1208 3101 autem
1227 3043 1260 3102 in
1282 3061 1318 3104 eo
1339 3064 1406 3104 ver·

81 3143 157 3215 titur,
179 3155 211 3203 ut
231 3143 362 3220 primum
383 3159 494 3218 genera
513 3141 745 3216 inscriptionum
764 3149 846 3199 recte
867 3141 1070 3216 aestimentur,
1092 3142 1123 3200 id
1142 3152 1189 3201 est
1202 3145 1321 3203 reiectis
1336 3145 1409 3203 titu-

81 3242 116 3302 lis
137 3242 287 3320 corruptis
309 3252 340 3302 et
361 3242 471 3313 dubiis,
493 3241 544 3318 qui
565 3241 597 3298 in
619 3241 758 3299 omuibus
780 3241 919 3319 syllogis,
942 3242 1031 3300 ctiam
1052 3243 1222 3302 recentibus
1237 3252 1266 3302 et
1281 3245 1318 3303 ad
1334 3246 1407 3306 artis

80 3343 155 3422 leges
176 3343 323 3423 expolitis
346 3343 499 3402 abundent
520 3359 643 3402 necesse
665 3349 712 3401 est
733 3342 816 3418 (num
836 3342 869 3400 in
891 3341 1053 3419 deperditis
1069 3343 1118 3400 vel
1140 3343 1191 3420 qui
1213 3354 1285 3403 sunt
1306 3363 1406 3406 acees-

81 3462 128 3504 sus
149 3445 328 3505 difficilioris
349 3444 514 3522 pendemus
537 3443 574 3502 ab
596 3443 766 3502 auctoribus
787 3442 963 3519 plerumque
985 3461 1040 3500 nec
1061 3444 1140 3503 notis
1163 3445 1238 3504 satis
1261 3464 1315 3504 nec
1332 3447 1406 3506 satis

79 3547 202 3624 peritis),
224 3545 279 3623 qui
300 3553 415 3604 restant
434 3545 571 3603 lectionis
593 3552 691 3602 certae
711 3551 741 3602 et
754 3544 928 3620 exploratae
944 3543 980 3602 ad
996 3561 1106 3621 genera
1120 3554 1292 3622 aetatesque
1308 3546 1407 3607 distri·

81 3649 213 3708 beantur.
256 3645 338 3706 Nam
359 3647 420 3704 alia
440 3647 519 3704 ratio
541 3651 587 3704 est
606 3645 830 3720 auctoritasque
851 3645 972 3704 diversa
992 3645 1146 3704 titulorum
1166 3646 1357 3723 publicorum
1379 3657 1410 3708 et

80 3748 271 3824 privatorum,
286 3748 466 3807 urbanorum
480 3755 511 3804 et
520 3745 694 3805 Italicorum
708 3757 738 3806 et
751 3746 989 3822 prouincialium,
1003 3747 1206 3824 profectorum
1221 3768 1241 3806 a
1254 3749 1407 3808 nobilibus

82 3850 261 3927 eruditisque
288 3847 459 3906 hominibus
487 3856 517 3906 et
541 3847 745 3925 plebeiorum,
773 3847 805 3905 in
830 3847 878 3905 his
906 3848 995 3926 longe
1023 3847 1142 3908 diversa
1166 3867 1272 3908 rursus
1295 3867 1409 3924 eorum,

81 3967 154 4026 quos
176 3950 366 4011 dictaverunt
386 3948 522 4008 homines
544 3967 583 4007 ex
605 3949 690 4025 plebe
711 3950 827 4006 urbana
841 3947 1033 4010 Graecanicis
1056 3956 1088 4007 ut
1108 3951 1241 4010 moribus
1262 3949 1305 4009 ita
1325 3950 1407 4010 locu-

83 4050 208 4112 tionibus
230 4051 341 4110 affecta
361 4067 498 4127 quosque
518 4049 620 4108 rustici
641 4051 673 4108 in
687 4048 767 4108 villis
790 4048 974 4126 saltibusque
988 4050 1095 4109 Italiae
1110 4049 1252 4127 degentes
1266 4051 1315 4109 vel
1330 4069 1410 4110 cam·

83 4163 193 4230 pestres
214 4152 340 4212 litterati
355 4152 403 4210 vel
424 4151 618 4211 semibarbari
632 4151 664 4209 iu
679 4151 841 4234 prqvinoiis
855 4152 979 4209 remotis
994 4151 1042 4210 vel
1057 4151 1147 4210 etiam
1163 4149 1297 4210 Graecae
1312 4152 1407 4227 partis

88 4253 200 4331 imperii
227 4253 380 4324 homines,
407 4253 460 4329 qui
480 4251 582 4312 Latini
607 4251 754 4312 sermonis
776 4252 824 4310 ius
845 4253 942 4328 magis
964 4269 1055 4327 quam
1077 4270 1163 4310 usum
1185 4253 1408 4328 impetrassent,

82 4353 253 4414 incidendos
275 4361 465 4414 curaverunt.
500 4353 640 4430 Denique
662 4372 731 4411 oum
752 4351 831 4410 tituli
844 4352 946 4411 Latini
968 4354 1039 4411 anui
1059 4353 1133 4411 certi
1147 4360 1219 4410 nota
1232 4351 1409 4428 plerumque

84 4454 281 4516 destituantur
302 4464 333 4514 et
354 4455 531 4532 saepissime
551 4455 582 4514 in
604 4472 641 4514 eo
662 4451 913 4530 adquiescendum
937 4453 990 4524 sit,
1017 4459 1050 4510 ut
1070 4452 1174 4510 titulos
1197 4458 1266 4511 ante
1287 4451 1410 4512 Diocle·

83 4556 192 4616 tianum
218 4558 349 4634 scriptos
376 4574 395 4613 a
421 4555 533 4615 saeculi
562 4555 661 4632 quarti
687 4563 716 4613 et
742 4553 881 4630 deinceps
902 4553 1102 4612 monumentis
1125 4570 1246 4630 separes
1268 4553 1351 4630 (nam
1372 4551 1411 4612 ad

84 4673 131 4715 eus
146 4657 223 4717 lines
237 4658 326 4734 longe
340 4657 461 4734 plurimi
476 4664 557 4716 certo
571 4657 666 4735 redigi
680 4655 833 4733 possunt),
852 4673 924 4714 cura
937 4653 1107 4713 adhibenda
1121 4663 1177 4726 est,
1198 4664 1231 4712 ut
1245 4673 1283 4712 ex
1296 4653 1412 4731 ingenti

83 4757 168 4816 turbs
188 4777 317 4838 corpora
337 4757 483 4835 quaedam
504 4757 631 4836 deligas,
651 4776 729 4836 qnae
750 4766 780 4817 et
794 4764 921 4816 aetatem
936 4755 1065 4814 babeant
1078 4754 1232 4814 definitum
1246 4761 1276 4814 et
1288 4763 1413 4832 propter

84 4858 226 4936 originem
254 4867 519 4937 argumentumque
543 4869 623 4919 recte
651 4870 681 4919 et
708 4866 778 4936 apte
806 4859 884 4917 inter
912 4875 946 4917 se
974 4862 1190 4933 comparentur.
1234 4856 1282 4916 lta
1307 4872 1412 4932 proce·

84 4955 219 5019 dentibus
246 4959 305 5020 duo
326 4961 499 5038 contingent
519 4979 661 5038 perquam
683 4959 841 5037 optabilia,
869 4959 1000 5037 primum
1021 4967 1054 5018 ut
1075 4958 1106 5017 in
1127 4957 1226 5016 locum
1247 4955 1412 5032 ingentium

86 5093 286 5108 ψ-

159 5167 182 5232 ¹)
210 5171 247 5221 V.
264 5141 389 5221 fluebner
406 5170 435 5221 11
452 5171 540 5234 p.1X.

157 5256 184 5324 ²)
211 5261 247 5314 V.
265 5261 361 5313 ibidem
379 5277 405 5327 p.
419 5261 482 5313 ΧΠ.
