3582 5956
998 889 1026 945 4.

434 1014 598 1073 Vesculum
626 1010 716 1070 fictile
745 1011 816 1069 artis
843 1008 1001 1067 Arretinae
1034 1011 1184 1085 repertum
1213 1023 1292 1065 anno
1321 1003 1397 1064 1871
1426 1007 1458 1064 in
1485 1003 1674 1064 erndcrundis

350 1116 548 1176 monumentis
577 1111 795 1190 sepulcralibus
823 1112 854 1169 in
882 1109 971 1169 vines
998 1126 1076 1186 quse
1104 1107 1273 1185 appelletur
1298 1105 1450 1165 Minervae
1479 1106 1607 1164 medicos
1637 1107 1675 1162 sd

350 1215 466 1293 portem
488 1215 716 1275 Praenestinum
739 1213 841 1290 (porto
861 1210 1031 1290 mappicrs).
1233 1221 1235 1224 ·

433 1354 468 1412 In
489 1354 581 1411 ncsdto
594 1352 690 1426 fundo
706 1351 804 1426 fipura
820 1350 904 1425 podis
927 1348 1043 1408 tomani
1064 1347 1216 1406 inclusum:

942 1480 1033 1526 cudit!
1049 1497 1055 1510 ·
1072 1481 1088 1524 s

434 1605 471 1666 In
492 1617 578 1683 ports
595 1608 687 1682 fundi
712 1614 827 1665 cutem
855 1605 956 1664 litteris
980 1603 1104 1680 proptio
1130 1574 1256 1662 exaratis
1284 1606 1353 1661 sotio
1374 1602 1455 1660 donis
1477 1601 1586 1660 samii
1606 1611 1678 1660 certe

434 1726 519 1768 coac
539 1719 654 1767 nocuae
670 1709 778 1784 primi:

930 1801 1077 1847 rrcrrrcr

966 1903 1096 1948 svrorus

930 1993 1045 2050 dsrnrr
1059 2005 1097 2048 vs
1139 2007 1172 2048 re

977 2109 1053 2151 rrrr

350 2231 521 2309 Descripsit
546 2231 679 2309 mihique
705 2231 787 2290 dedit
812 2230 847 2290 P.
875 2229 1010 2290 Aloisius
1036 2229 1156 2289 Bruzrs
1176 2228 1352 2288 Burnsbitsz
1378 2230 1494 2289 contuli
1519 2230 1679 2307 imsginern

351 2334 590 2412 photographsm
612 2333 833 2411 suppeditatum
855 2351 875 2391 s
895 2332 1030 2392 Perkero
1053 2331 1163 2409 Anglo.
1272 2311 1276 2319 Ι

394 2434 441 2496 Dc
462 2435 584 2513 regione
606 2435 704 2507 urbis,
730 2434 780 2494 cui
800 2453 910 2494 nomen
932 2433 1120 2510 Spectetur,
1148 2432 1187 2492 of.
1209 2429 1328 2492 Oenius
1346 2433 1378 2491 in
1399 2435 1480 2492 Anu.
1502 2435 1575 2494 inst.
1598 2435 1678 2493 srch.

356 2535 434 2596 1838
460 2555 489 2613 p.
506 2534 678 2613 iotsoqq.;
705 2536 823 2595 Becker
844 2545 961 2612 topogr.
984 2553 1013 2612 p.
1030 2531 1105 2607 550;
1132 2532 1248 2594 Preller
1268 2534 1411 2612 Repicneu
1432 2553 1463 2611 p.
1480 2535 1550 2594 131.
1570 2567 1606 2580 -
1633 2535 1679 2594 Dc

351 2635 440 2696 modo
462 2654 521 2713 quo
535 2637 666 2698 Romani
686 2637 785 2696 locum
801 2637 1009 2710 indicaverint,
1030 2638 1080 2697 nbi
1094 2636 1275 2711 habitarent,
1296 2645 1366 2714 post
1380 2636 1455 2696 elios
1469 2636 1549 2696 dixit
1562 2635 1679 2696 Jordrn

352 2736 490 2798 Arctdol.
512 2737 633 2814 thtunp
658 2739 734 2798 1871
759 2756 789 2814 p.
805 2737 844 2797 65
856 2755 939 2816 seqq.

999 3127 1028 3187 5.

346 3303 348 3308 .
434 3243 582 3308 Aediculc
607 3264 775 3308 marmoree
802 3245 917 3307 effosso
941 3264 969 3305 s.
988 3246 1067 3306 1872
1095 3247 1127 3306 in
1153 3263 1225 3324 egro
1245 3245 1366 3306 verano
1393 3247 1431 3306 sd
1459 3246 1620 3308 basilicum
1643 3247 1679 3307 D.
1786 3223 1787 3250 ¹

351 3343 506 3404 Laurentii
526 3354 613 3407 extro
633 3349 754 3408 moenis
773 3349 804 3408 in
826 3349 1004 3409 coemeterio
1026 3350 1235 3408 construendo.
1272 3348 1356 3407 Intra
1377 3367 1442 3407 cem
1458 3348 1566 3409 visitur
1580 3359 1682 3409 status
1786 3343 1787 3408 ἶ

351 3467 445 3526 ports
469 3448 579 3510 sedens
607 3447 698 3526 longa
725 3459 810 3510 veste
837 3450 955 3524 indute,
986 3451 1084 3528 cepite
1111 3450 1209 3509 velato
1238 3457 1269 3508 ct
1295 3450 1386 3526 spicis
1414 3459 1573 3525 coronato,
1603 3471 1681 3529 quse
1786 3515 1787 3518 Ἴ

352 3550 476 3610 sinistra
495 3551 591 3612 secem
612 3557 694 3611 tenet
707 3549 828 3612 Cereris
849 3553 955 3623 instar,
977 3553 1085 3611 dextre
1106 3561 1240 3630 peterem
1261 3569 1341 3612 nunc
1363 3550 1548 3629 deperditum
1562 3553 1682 3614 videtur
1786 3623 1787 3636 χ

351 3652 495 3711 tenuisse.
537 3652 628 3712 Nunc
652 3653 685 3711 in
711 3672 846 3713 museum
870 3652 1073 3730 Capitolinum
1099 3654 1193 3714 inlsts
1218 3654 1249 3712 in
1273 3652 1416 3732 repositis
1438 3661 1585 3726 serretur,
1614 3673 1681 3715 eum

352 3750 497 3826 sediculo,
518 3771 579 3830 quo
600 3752 708 3813 melius
729 3763 993 3834 transportaretur,
1015 3755 1152 3815 diffracta
1173 3755 1213 3814 sit
1230 3755 1355 3814 necdum
1371 3757 1593 3816 reconcinnsts.
1631 3757 1681 3818 'Ii-

353 3849 431 3910 tulus
452 3852 485 3911 in
506 3872 544 3912 eo
562 3863 705 3915 excretus
725 3865 778 3916 est
793 3858 841 3916 hic
861 3857 969 3917 litteris
991 3857 1066 3916 satis
1087 3857 1191 3917 bonis:

872 4009 988 4053 tenens
1008 4008 1105 4052 rentur
1121 4023 1126 4038 ·
1142 4007 1157 4052 s

717 4111 757 4152 Α·
774 4107 986 4154 norrensrvs·
1004 4109 1108 4154 cerno
1130 4109 1206 4153 nnus
1223 4125 1229 4140 ·
1245 4111 1310 4154 rnn

733 4211 769 4254 ετ
785 4226 792 4241 ·
808 4210 1055 4256 consnnvsrnrcr
1071 4226 1078 4241 ·
1093 4212 1173 4255 nene
1189 4227 1196 4240 ·
1212 4213 1232 4253 n
1249 4227 1256 4241 ·
1272 4197 1292 4253 n

351 4329 445 4390 Dedit
464 4329 567 4390 chco
588 4333 779 4394 architectus:
801 4334 868 4410 ipse
890 4334 1012 4392 contuli.

391 4430 526 4492 Numine
546 4451 615 4492 rcro
636 4434 776 4494 dicuntur
793 4438 861 4511 pio:
885 4435 921 4494 cf.
944 4443 1044 4494 temen
1065 4435 1139 4494 bono
1154 4435 1207 4494 dea
1223 4439 1278 4512 pio
1300 4433 1353 4494 Or.
1368 4433 1457 4495 1527.
1494 4433 1547 4496 Dii
1568 4437 1681 4500 deosve

350 4543 561 4595 comcroctorcc
581 4536 631 4594 vei
652 4541 871 4596 concreatricec
893 4555 952 4596 non
974 4537 1034 4596 reri
1056 4547 1137 4608 sunt,
1159 4536 1288 4596 iorrnuls
1302 4546 1399 4597 sutem
1415 4538 1473 4596 hoc
1487 4537 1579 4598 titulo
1593 4559 1681 4600 usur·
1786 4583 1787 4626 3

349 4640 431 4709 pute,
452 4651 528 4710 quae
550 4645 597 4697 cst
616 4641 809 4698 conservatrix
829 4657 901 4711 occo,
916 4639 995 4712 ‘mihi
1016 4655 1094 4697 nove
1115 4638 1231 4697 eccidit.

910 4840 1114 4852 *ur—-

997 5037 1025 5096 6.

434 5143 534 5224 Supra
547 5167 584 5246 p.
602 5149 659 5211 109
682 5170 750 5220 eum
764 5154 1013 5233 Dittenbergerus
1032 5153 1158 5216 ediderit
1178 5156 1349 5215 restitutum
1370 5175 1391 5215 s
1411 5173 1444 5216 sc
1465 5157 1586 5219 titulum
1601 5163 1679 5222 Atti·

351 5263 418 5307 cum
438 5245 474 5308 P.
490 5249 623 5311 Memmii
637 5251 747 5332 Reguli
767 5273 829 5317 cos.
851 5275 878 5316 a.
894 5274 924 5333 p.
941 5255 975 5318 0.
992 5257 1042 5331 31,
1064 5255 1198 5318 eiusdem
1220 5255 1276 5315 viri
1299 5256 1390 5316 aliurn
1412 5258 1531 5319 titulum
1549 5261 1680 5322 Athenis
