3582 5956
786 1490 1244 1605 nobillimum

642 1705 715 1786 AD
746 1702 1005 1786 CORPORIS
1035 1701 1292 1787 VOLVMEN
1320 1699 1387 1782 IV.

866 1838 908 1912 (n.
927 1836 1165 1913 aem-noso.)

912 2059 1116 2069 —-—

435 2268 602 2346 TITVLI
627 2267 766 2343 VASIS
793 2267 1065 2344 FIOTILIBVS
1091 2265 1335 2344 INSORIPTI
1360 2264 1595 2341 POMPEIIS

905 2395 1127 2470 REPERTI.

431 2590 516 2648 Vasa
536 2589 641 2648 6001110
659 2589 905 2666 inscriptionibus
925 2589 1056 2666 insignia
1070 2607 1264 2666 quaecunque
1279 2589 1366 2649 annis
1382 2586 1471 2648 1868.
1490 2586 1580 2648 1860.
1600 2587 1672 2647 1870

348 2691 503 2767 Pompeiis
523 2701 642 2768 reperta
657 2699 736 2762 sunt,
757 2691 892 2750 Fiorello
914 2693 1059 2769 magistro
1081 2691 1219 2751 hortante
1242 2691 1333 2750 simul
1355 2698 1445 2766 atque
1466 2675 1580 2749 effossa
1602 2695 1673 2757 sunt,
1765 2683 1766 2688 ’

349 2793 508 2871 diligenter
528 2792 700 2851 examinavi
721 2792 884 2868 titulosque
907 2793 1063 2869 descripsi.
1100 2792 1149 2851 Ex
1171 2793 1280 2868 quibus
1301 2793 1435 2870 potiores
1458 2791 1586 2850 selectos
1601 2791 1674 2848 infra

349 2893 392 2952 ita
418 2913 587 2972 proponam
615 2901 646 2952 ut
671 2889 888 2953 ordinem'fere
911 2911 1021 2969 sequar
1041 2913 1108 2954 eum
1131 2912 1190 2970 quo
1212 2894 1346 2953 eiusdem
1368 2895 1487 2970 generis
1509 2892 1590 2950 tituli
1612 2899 1675 2949 ante

350 3015 376 3052 a.
395 2993 474 3053 1868
500 2995 611 3071 reperti
632 2996 663 3054 in
685 3005 793 3072 quarto
815 2995 969 3054 volumine
991 2992 1025 3054 O.
1046 2995 1072 3054 1.
1092 2993 1128 3053 L.
1152 2995 1292 3071 dispositi
1313 2996 1463 3073 leguntur.
1506 2991 1605 3053 Notae
1626 3013 1674 3051 nu·

350 3095 478 3156 merulos
506 3095 662 3155 Romanae
695 3097 733 3154 ad
763 3115 903 3155 vasorum
931 3097 1059 3168 nomino¹
1080 3096 1198 3155 additae
1224 3098 1337 3156 formas
1366 3115 1469 3155 eorum
1502 3094 1674 3172 significant,

350 3196 455 3272 quales
481 3198 660 3258 exhibentur
685 3197 852 3257 delineatae
878 3197 910 3256 iu
936 3198 1038 3256 tabula
1064 3198 1197 3257 eiusdem
1223 3199 1322 3276 operis
1343 3197 1472 3275 paginae
1489 3196 1545 3254 171
1570 3195 1674 3256 addita

351 3297 501 3358 Thermae
522 3317 650 3375 quarum
671 3299 858 3376 frequentem
878 3299 1060 3358 mentionem
1079 3299 1248 3360 faciendam
1269 3300 1341 3360 mihi
1358 3316 1426 3358 esse
1440 3298 1537 3370 video,
1560 3299 1674 3356 eaedem

358 3407 428 3457 sunt
454 3400 491 3458 de
519 3401 628 3476 quihus
651 3399 819 3462 Schoenius
841 3400 880 3460 ib.
907 3418 936 3476 p.
956 3399 1013 3458 172
1036 3400 1121 3459 dixit
1164 3401 1285 3461 Novum
1306 3417 1444 3460 muscum
1465 3399 1674 3476 Pompeianum

351 3499 382 3556 id
404 3498 471 3559 dico
493 3501 574 3576 quod
594 3520 688 3580 prope
708 3509 826 3580 portam
848 3501 925 3559 dello
947 3499 1066 3560 Mariua
1087 3520 1182 3579 nuper
1203 3511 1371 3562 extructum
1393 3509 1449 3561 est.
1612 3565 1616 3572 ,

436 3601 556 3660 Titulos
579 3622 598 3660 a
613 3601 762 3664 Schoenio
784 3603 950 3679 descriptos
972 3603 1130 3679 editosque
1152 3622 1207 3683 ego
1229 3623 1349 3682 quoque
1371 3624 1409 3663 ex
1430 3604 1507 3681 ipsis
1528 3603 1606 3663 vasis
1627 3601 1675 3660 de·

354 3701 549 3776 scripseram
579 3703 626 3761 his
651 3704 726 3762 meis
753 3723 820 3764 cum
842 3703 923 3763 illius
944 3705 1092 3781 exemplis
1112 3705 1237 3765 conlatis
1258 3707 1405 3782 potiorem
1426 3705 1562 3766 lectionis
1583 3704 1675 3761 diver·

355 3801 474 3860 sitatem
496 3804 552 3863 hac
574 3806 796 3879 opportunitate
819 3806 921 3865 oblata
940 3806 1153 3883 publicandam
1175 3823 1243 3867 esse
1263 3807 1347 3867 duxi.

754 4001 1037 4063 CORRIGENDA
1061 4001 1109 4062 IN
1130 4002 1285 4064 EDITIS.

354 4131 419 4192 169
441 4132 493 4215 (001
515 4135 568 4209 lv,
584 4129 675 4198 2645.
692 4137 797 4214 2646).
840 4139 941 4199 Meum
962 4141 1168 4218 apographum
1189 4140 1246 4197 hoc
1268 4151 1328 4198 est:

882 4278 902 4318 a
944 4259 984 4317 td

884 4379 900 4436 b
944 4375 1152 4448 (2111οᾼ1118

354 4576 422 4638 170
446 4579 499 4654 (ad
520 4581 575 4655 IV,
591 4583 697 4661 2650).
740 4585 826 4645 Haec
848 4586 893 4645 sic
916 4585 1075 4663 descripsi:

979 4729 1073 4788 00000

978 4831 1072 4892 trium

980 4933 1072 4991 0000

980 5033 1072 5092 mum

931 5115 975 5190 T·
988 5130 1113 5192 cxcv

806 5217 843 5292 L·
858 5233 947 5293 rvru
964 5232 1232 5296 0000000οο000
