3546 5950
526 595 575 647 ns
592 595 804 652 recessuro
822 599 1050 654 ossnsosvn.
1402 589 1449 660 87
1491 549 1498 564 ’

162 762 219 838 36)
259 761 293 822 0.
316 764 370 824 Vin
379 807 470 834 .....
482 771 514 826 ni
536 771 622 844 princ
633 811 767 831 .......
795 775 922 848 impertire
946 814 1039 832 .....
1057 779 1152 852 praef.
1181 776 1283 854 co[str]
1296 821 1303 836 .
1317 821 1324 838 .
1337 820 1344 836 .
1358 821 1388 837 ..
1412 811 1450 822 —

277 863 440 926 Brambarb
464 867 497 927 0.
513 871 540 928 Ι.
556 871 645 930 Rben.
659 871 722 931 985
742 891 803 948 rep.
825 873 1011 950 Mapontiaci.

158 963 220 1042 et)
252 1005 426 1027 .........
445 972 541 1046 praef.
565 983 652 1030 cestr.
676 973 729 1048 lep.
749 972 794 1032 VI
805 977 886 1033 otctr.
901 1007 943 1020 -
966 975 1071 1036 Gruter
1085 979 1164 1050 1118,
1179 980 1215 1039 11
1235 978 1269 1055 (o
1285 978 1451 1056 Sirmondo)

276 1086 337 1144 rep.
363 1069 473 1128 iibere.

111 1165 250 1226 Plenum
271 1169 323 1231 det
341 1168 462 1230 Donius
477 1171 506 1243 6,
523 1171 559 1230 21
584 1192 623 1232 ex
644 1173 826 1236 edrcmsriis
841 1175 932 1236 Dum.
948 1178 1086 1238 Penicsli
1108 1180 1191 1256 (inde
1206 1181 1315 1241 Mutet.
1331 1182 1402 1252 807,
1417 1181 1450 1258 6)

112 1267 167 1326 ubi
196 1275 321 1328 vocetur
341 1271 382 1329 M.
405 1269 564 1332 Cornelius
585 1275 626 1333 M.
654 1275 676 1333 1.
697 1277 757 1336 An.
780 1277 915 1350 Anthus,
942 1279 996 1339 ssd
1023 1289 1053 1338 et
1072 1283 1158 1341 testis
1180 1292 1339 1342 senonen
1360 1281 1451 1342 inter·

110 1369 306 1442 potationem
329 1372 454 1432 subesse
474 1374 690 1436 demonstrent.

155 1470 218 1546 38)
254 1469 288 1530 Ο.
317 1471 459 1532 Seruilius
488 1475 520 1534 0.
542 1477 573 1550 s.
680 1479 744 1537 tn'b.
851 1484 939 1557 prim.
966 1484 1047 1558 pilus
1076 1483 1263 1561 oestrar(um)
1289 1487 1451 1560 praesente
1522 1521 1524 1528 ·

267 1573 335 1648 steri
355 1577 448 1634 iussit.
464 1609 502 1620 -
525 1578 754 1651 iterassent
775 1600 809 1640 ea
829 1582 1036 1642 Bonaoentura
1054 1583 1165 1660 Anpebo
1187 1582 1256 1660 (Or.
1274 1584 1368 1661 3449)
1389 1602 1450 1660 rep.

274 1675 408 1736 Pansae

109 1773 300 1834 Murotorius
326 1778 464 1852 adnotet,
492 1779 524 1838 in
550 1779 669 1840 schedis
690 1781 845 1842 Rsmberti
872 1784 952 1860 opud
973 1784 1139 1846 Bertolium
1161 1787 1222 1863 legi
1245 1801 1450 1845 russsscrvs·

108 1890 305 1936 uerno...

201 1977 293 2037 Addo
307 1979 355 2037 his
373 1980 542 2055 praefectos
564 1990 732 2044 castrorum
754 1985 835 2062 opud
856 1987 1021 2062 scriptores
1042 1995 1301 2060 commemoratos,
1322 2006 1450 2064 quorum

108 2079 242 2136 nomine
262 2080 449 2157 ignoremus:

153 2178 215 2255 39)
248 2179 345 2240 Vellei.
360 2182 389 2254 2,
404 2183 462 2242 112
483 2182 529 2260 (in
544 2203 647 2261 pupna
668 2187 704 2245 ab
726 2185 765 2245 A.
784 2187 906 2247 Caecina
928 2187 1087 2248 etPlautio
1104 2187 1223 2247 Siluano
1245 2207 1321 2248 anna
1336 2192 1355 2248 7
1365 2209 1398 2266 p.
1418 2189 1448 2250 0.

268 2287 418 2342 mentesa
431 2288 556 2362 quinque
571 2285 728 2362 lepionibus
742 2288 989 2366 cutilias-ibasque
1003 2293 1076 2348 satis
1090 2289 1218 2364 multis).·
1241 2299 1299 2348 turn
1317 2293 1406 2366 ipitur
1420 2293 1451 2347 in

270 2384 364 2444 dubiis
385 2385 468 2444 rebus
490 2397 575 2446 senet
593 2391 675 2463 ipsae
697 2387 818 2464 lepiones
835 2369 1015 2464 adhortatae,
1037 2390 1176 2466 inpulerit
1190 2391 1228 2449 ab
1243 2390 1322 2448 boste
1336 2390 1450 2465 quibus·

270 2486 338 2544 dam
357 2486 479 2546 tribunis
500 2488 630 2560 militum,
652 2491 816 2566 interempto
834 2493 980 2568 praesecto
1002 2501 1161 2550 caseorum
1179 2492 1390 2569 praefectisque
1404 2509 1449 2550 cc-

269 2585 400 2659 borttum,
422 2607 479 2646 uon
500 2591 654 2649 incruentis
675 2592 883 2650 centurionibus
907 2601 957 2651 cet.

153 2684 213 2760 40)
247 2685 315 2746 Tea.
346 2706 413 2746 anm
439 2691 470 2760 1,
491 2689 530 2747 31
563 2690 657 2766 (anno
675 2692 716 2750 14
730 2711 762 2767 p.
787 2692 817 2752 0.
840 2693 963 2768 tepiorses
988 2694 1010 2751 Ι
1035 2692 1218 2764 Gennanica,
1252 2692 1448 2766 VAtaudee,

270 2787 340 2847 XX
360 2789 475 2850 Valeria
499 2796 616 2864 rinna,
642 2792 726 2850 XXI
746 2811 842 2869 rapas
866 2795 966 2852 iisdem
993 2799 1097 2854 castris
1126 2798 1156 2852 in
1177 2795 1285 2870 finibus
1311 2793 1450 2852 Ubiorum

267 2890 443 2950 bobmantur
460 2911 515 2968 per
536 2896 621 2951 otium
642 2912 677 2951 ec
692 2894 766 2952 leuia
779 2897 887 2952 munio.
924 2895 1070 2953 Seditione
1084 2904 1182 2954 seona
1197 2899 1373 2955 centuriones
1388 2913 1448 2953 cer-

267 2991 378 3050 beribus
398 2993 525 3052 mulcant
541 3005 710 3070 partemque
723 2994 923 3070 inuryiciunt):
942 3014 999 3056 non
1013 2998 1143 3056 tribunus
1158 2995 1246 3066 ultra,
1266 3015 1324 3054 non
1338 3005 1447 3055 castro-

268 3110 330 3151 rum
348 3096 511 3169 praesertin
532 3097 578 3152 ius
600 3095 731 3154 abtauit:
750 3095 878 3172 vigilias,
900 3101 1045 3169 stationes,
1067 3107 1094 3156 et
1113 3100 1142 3155 si
1155 3115 1214 3173 qua
1227 3096 1292 3154 aiio
1309 3115 1446 3173 praesen

267 3211 336 3254 usus
358 3195 511 3267 indirnat,
532 3199 592 3271 ipsi
608 3197 822 3271 partiebantur.

151 3294 209 3371 41)
244 3295 329 3354 Pinio
352 3297 418 3355 lud.
445 3298 512 3356 adu.
534 3295 673 3356 Ficorum
697 3297 773 3372 §13
794 3296 843 3373 (p.
857 3297 978 3368 3811'.;
999 3296 1060 3356 533
1070 3297 1152 3374 M.).·
1166 3297 1292 3358 Bassus
1320 3301 1446 3356 centurio

264 3399 359 3470 sactus
380 3397 417 3456 ab
432 3396 607 3474 Imperatore
625 3398 700 3458 Gaio
721 3401 753 3456 in
767 3398 927 3476 Aegyptum
939 3403 1074 3472 mittitur,
1091 3408 1122 3457 ut
1131 3401 1306 3475 praesectum
1320 3398 1446 3475 Aepypti

267 3499 406 3558 Flaccum
415 3500 616 3575 pretmeeren
636 3519 699 3557 cum
713 3497 922 3560 Alexandriam
935 3503 1064 3572 uenisset,
1080 3493 1151 3566 uerri
1167 3501 1221 3556 rain
1234 3489 1310 3555 ἰδίων
1324 3490 1446 3562 ἀποβὰς

266 3631 307 3644 -
322 3635 359 3646 -
383 3589 555 3682 στρατιώτην
575 3595 638 3658 rinei
659 3603 714 3658 τῶν
735 3598 763 3658 iv
784 3601 842 3662 reis
862 3593 1013 3685 reipublice
1028 3591 1168 3676 φυλάκων
1182 3595 1256 3656 καθ’
1270 3593 1335 3657 ibin
1349 3593 1445 3680 scipsis,

264 3691 373 3760 κελεύει
395 3695 533 3760 διικνόναι
554 3695 604 3772 τὴν
625 3693 712 3759 etnim
726 3691 922 3784 στρατάρχου.
954 3703 1036 3760 τοῦτο
1052 3695 1110 3784 γὰρ
1123 3691 1262 3765 ἐβούλετο
1278 3694 1308 3758 ri
1323 3691 1444 3783 ἇπίρῥη-

264 3826 312 3860 τον
331 3799 502 3880 interpretii,
520 3793 566 3860 ἵνα
586 3793 634 3860 seni
656 3793 692 3860 civ
713 3793 760 3881 bin
781 3795 980 3887 πολυχειρῖαο,
1000 3793 1059 3881 ἔχῃ
1080 3797 1128 3861 riu
1145 3791 1415 3878 eovapuvnimmv.

106 3903 250 3964 Philonis
277 3896 464 3988 πρατᾰρχην
490 3905 528 3964 ub
553 3923 589 3963 eo
615 3905 668 3982 qui
694 3895 952 3988 στρατοπεδάρχης
972 3905 1073 3963 vocari
1101 3904 1178 3963 solet
1202 3922 1263 3963 non
1289 3903 1441 3962 diversum

103 4023 192 4078 esse,
218 4006 317 4066 exiis
340 4025 417 4083 quse
438 4005 519 4066 intus
538 4005 767 4082 disputabimus.
788 4005 964 4084 sppsrebit3
991 4005 1168 4083 plerumque
1189 3993 1376 4087 στρατάρχην
1397 4003 1440 4062 in·

105 4105 257 4183 tellegunt
275 4108 409 4186 legatum
430 4106 569 4186 legionis,
591 4107 691 4182 quetis
713 4107 745 4166 iu
764 4108 906 4182 Aegypto
927 4106 1050 4166 omnino
1072 4123 1132 4165 non
1153 4115 1227 4164 erut.

149 4206 207 4282 42)
240 4207 307 4267 Tac.
334 4228 402 4267 ann.
424 4209 477 4280 18,
495 4209 536 4267 38
571 4206 660 4283 (anno
677 4208 718 4266 50
746 4209 777 4264 r'n
804 4206 995 4284 Britannia).·
1022 4209 1200 4284 praefectum
1227 4214 1386 4264 castorum
1413 4213 1441 4262 et

263 4311 439 4386 lepionurias
467 4309 593 4368 cohorter
620 4309 798 4368 exstruendis
824 4310 906 4386 apud
926 4307 1044 4368 Silurus
1065 4307 1223 4384 pranidiis
1243 4307 1359 4364 relictas
1381 4307 1438 4363 cir·

262 4411 450 4485 sumundum
470 4441 509 4454 -
531 4442 571 4453 -
595 4442 634 4454 -
651 4411 817 4486 prouectus
838 4418 932 4468 tamen
952 4417 978 4467 et
999 4417 1061 4468 acto
1081 4409 1253 4466 centuriones
1272 4423 1308 4464 ac
1317 4423 1438 4482 promp-

261 4513 388 4571 tissimus
409 4515 529 4588 quisquc
550 4529 565 4570 e
585 4509 741 4587 manipulis
762 4511 894 4570 moidna

147 4611 205 4688 43)
241 4611 307 4672 Tae.
322 4613 389 4670 bist.
406 4611 437 4683 2,
450 4611 490 4671 89
511 4611 661 4687 (Vitellius
682 4610 778 4670 urbem
798 4609 989 4687 ineruditum.-
1010 4617 1145 4686 quanuor
1166 4607 1305 4684 lapionum
1319 4606 1437 4682 aquilae

255 4732 311 4790 per
324 4715 452 4788 flantem
474 4713 641 4790 totidemque
661 4715 740 4773 σίνσα
760 4733 775 4772 e
795 4711 952 4789 legionibus
974 4713 1042 4770 aliis
1062 4709 1182 4779 remila,
1203 4726 1268 4767 mos
1289 4707 1436 4766 duodenis

258 4815 372 4874 stenen
396 4817 482 4891 sipna
508 4847 546 4859 -
575 4846 614 4856 —
643 4823 710 4872 ante
734 4813 850 4888 equilus
872 4814 1014 4890 pran‘ecti
1039 4819 1197 4872 casnnum
1225 4807 1385 4885 minumus
1410 4819 1436 4869 et

257 4919 345 4994 primi
365 4918 555 4976 maturiorum
574 4915 700 4974 mnditia
718 4922 794 4973 ceste
814 4925 864 4974 cet.

147 5017 203 5093 44)
239 5017 305 5076 Tac.
328 5018 395 5075 bist.
418 5016 451 5087 1,
465 5015 508 5074 69
529 5013 619 5090 (anna
636 5013 709 5092 70).·
736 5014 824 5076 Tutor
850 5015 951 5076 calida
975 5031 1063 5074 mauu
1082 5015 1272 5074 circumdatos
1293 5009 1434 5087 Aprippi·

259 5135 372 5190 senen,
395 5127 585 5195 mantuaeque
606 5116 726 5178 militurn
746 5117 828 5194 apud
847 5119 1023 5194 superiorem
1044 5115 1136 5175 Rheni
1156 5117 1264 5194 ripun,
1287 5115 1315 5170 in
1337 5110 1434 5168 meten
