3610 5956
322 624 368 693 56
895 636 1077 690 uormsmv

321 823 454 890 tempore
479 812 570 870 luerit
596 830 718 869 neeesse
744 821 799 870 est.
842 811 935 868 Recte
961 810 1054 884 igitur
1077 808 1263 884 Borghesius
1285 807 1505 883 Henzeuusque
1530 806 1648 864 titulum

320 915 399 972 hunc
421 914 459 972 ad
481 923 617 972 extrema
637 921 774 988 tempora
795 911 943 969 Hadriani
964 917 1189 968 revocaverunt.

404 1014 514 1074 Adhuc
535 1023 614 1072 recte
636 1014 674 1072 ab
697 1013 766 1072 aliis
788 1013 948 1070 observata
962 1012 1076 1083 rettuli3
1099 1018 1214 1070 restant
1231 1010 1300 1081 alia,
1322 1010 1370 1068 ubi
1386 1028 1452 1068 meo
1467 1009 1539 1067 mihi
1555 1009 1651 1067 Marte

320 1116 538 1191 procedendum
560 1125 615 1173 est.
656 1113 834 1190 Quicunque
854 1114 933 1173 tituli
955 1113 1162 1184 meminerunt,
1183 1112 1255 1172 Ursi
1278 1111 1434 1171 cuiusdam
1449 1111 1560 1188 Togati
1580 1129 1650 1168 eum

320 1235 385 1276 esse
406 1216 547 1276 dixerunt
568 1236 695 1292 eumque
709 1217 823 1275 Ursum
839 1215 988 1293 Togntum
1012 1214 1195 1272 condicionis
1216 1213 1371 1271 libertinae
1392 1212 1541 1271 hominem
1557 1211 1652 1269 credi·

319 1318 433 1376 derunt.
478 1319 521 1377 At
547 1318 599 1394 qui
627 1318 739 1392 duplex
767 1335 931 1392 cognomen
959 1317 1003 1374 ita
1027 1317 1157 1392 positum
1184 1316 1315 1390 aliquam
1336 1313 1531 1372 offensionem
1552 1313 1651 1384 habet,

319 1437 499 1496 quamquam
521 1420 597 1477 talia
616 1419 742 1494 reperiri
763 1439 824 1477 non
846 1437 933 1496 nego.
976 1417 1093 1475 Deinde
1116 1416 1226 1492 Togati
1252 1434 1416 1492 cognomen
1437 1415 1509 1473 mihi
1532 1412 1650 1489 quidem

319 1519 491 1579 inauditum
509 1530 555 1578 est
576 1529 605 1577 et
626 1520 714 1596 plane
736 1519 802 1578 sine
824 1518 972 1594 exemplo,
994 1527 1028 1576 ut
1050 1518 1162 1578 similia
1182 1537 1303 1594 quoque
1324 1517 1426 1586 Pilati,
1448 1515 1578 1586 Hastati,
1595 1512 1650 1574 Sa·

320 1623 382 1698 gati
410 1621 489 1679 iuter
515 1621 637 1679 nomina
663 1629 714 1679 aut
741 1621 931 1679 inveniuntur
955 1620 1111 1677 rarissime
1138 1629 1190 1676 aut
1215 1618 1336 1676 omniuo
1363 1635 1423 1675 non
1451 1616 1650 1674 inveniuntur.

320 1720 435 1780 Contra
456 1722 506 1779 ubi
529 1721 730 1798 praedicative
752 1722 928 1780 vocabulum
949 1721 1117 1796 acceperis,
1139 1719 1330 1779 difficultates
1351 1735 1455 1776 omnes
1476 1725 1654 1776 evanescent

320 1832 351 1879 et
379 1823 528 1880 sententia
555 1824 667 1898 optime
694 1823 843 1900 procedit,
874 1822 1013 1880 nimirum
1040 1813 1117 1880 hunc
1143 1822 1270 1898 primum
1292 1820 1384 1878 fuisse
1406 1837 1446 1876 ex
1466 1817 1592 1894 togatis,
1621 1817 1652 1875 id

321 1931 428 1980 estex
450 1923 565 1981 civibus
581 1923 737 1996 Romanis,
761 1925 813 2001 qui
829 1924 931 1981 vitreis
954 1923 1024 1998 pihs
1047 1922 1165 1998 publice
1185 1922 1301 1980 luserit.
1337 1921 1415 1978 Eum
1437 1920 1547 1990 lusum,
1569 1919 1652 1977 cuius

320 2031 476 2100 praeterea
502 2025 583 2101 quud
605 2026 698 2084 sciam
721 2025 831 2083 mentio
852 2042 913 2084 non
933 2023 980 2095 fit,
1007 2031 1238 2082 cousentaneum
1260 2031 1307 2080 est
1329 2029 1465 2097 coeptum
1488 2039 1506 2078 a
1527 2020 1652 2095 praesti·

320 2125 488 2202 gistoribus
520 2125 702 2184 condicionis
729 2127 906 2204 peregrinae
934 2133 1040 2201 postea
1068 2124 1187 2182 demum
1214 2133 1411 2199 propagatum
1441 2139 1510 2180 esse
1536 2121 1575 2179 ad
1601 2139 1651 2180 eos

320 2227 372 2301 qui
401 2244 461 2284 non
488 2236 612 2303 propter
638 2227 746 2303 stipem
776 2226 895 2304 publice
923 2226 1067 2284 luderent
1117 2223 1177 2284 Sed
1206 2244 1265 2282 non
1294 2223 1368 2282 satis
1396 2230 1443 2280 est
1470 2222 1551 2298 quod
1571 2220 1651 2280 Ureu

321 2335 423 2403 togam
445 2327 663 2387 vindicavimus
692 2347 747 2403 pro
774 2328 952 2403 cognomine
979 2327 1056 2385 male
1084 2326 1111 2384 ei
1137 2327 1275 2396 obtrus03
1306 2324 1478 2406 liberandus
1500 2331 1547 2382 est
1568 2341 1652 2398 prae·

323 2435 404 2484 terea
431 2447 450 2485 a
475 2428 594 2487 macula
618 2429 832 2488 libertinitatis.
881 2427 969 2486 Hanc
996 2428 1023 2485 ei
1051 2427 1224 2486 indiderunt
1252 2433 1411 2503 propterea
1438 2426 1521 2499 qued
1542 2424 1653 2482 Verum

323 2535 368 2584 ter
394 2528 562 2599 consulem,
589 2529 728 2604 quisquis
751 2529 821 2601 fuit,
844 2537 1003 2605 patronum
1025 2528 1173 2605 appellat3
1201 2535 1232 2586 at
1254 2528 1281 2586 si
1305 2526 1441 2584 Vulteius
1464 2526 1554 2584 Mena
1575 2525 1653 2602 apud

323 2625 484 2686 Horatium
500 2628 560 2703 (cp.
579 2631 606 2701 1,
622 2631 650 2700 7,
667 2628 721 2705 92)
738 2629 920 2707 Philippum,
942 2631 1027 2689 cuius
1042 2630 1136 2687 cliens
1151 2629 1215 2698 fuit,
1238 2646 1298 2686 non
1312 2626 1447 2698 libertus,
1468 2626 1587 2702 patroni
1602 2644 1653 2684 no·

324 2728 402 2786 mine
424 2729 605 2804 adloquitur,
626 2731 730 2806 quidni
752 2731 891 2790 similiter
911 2730 1009 2790 Ursus
1031 2729 1116 2805 loqui
1138 2729 1235 2806 potuit
1257 2729 1294 2787 de
1308 2729 1390 2787 Vero
1413 2745 1484 2785 sens
1505 2726 1652 2785 ditissimo

324 2837 355 2886 et
382 2831 610 2905 potentissimo?
656 2829 744 2903 Quod
773 2832 799 2890 si
824 2830 1029 2890 libertinitatis
1055 2830 1234 2888 documenta
1259 2827 1343 2887 nulla
1368 2828 1398 2886 in
1420 2829 1553 2886 carmine
1574 2827 1653 2886 iuve-

324 2930 459 3002 niuntur,
484 2931 697 3007 ingenuitatem
724 2933 823 3008 arguit
847 2933 945 3008 ipsum
968 2949 1142 3007 cognomen.
1185 2929 1264 2988 Nam
1285 2929 1383 2988 Ursoe
1404 2937 1465 2986 tam
1488 2929 1654 2987 senatoriae

325 3047 415 3108 quarn
441 3031 589 3106 equestris
615 3033 798 3092 condicionis
820 3052 880 3091 uon
905 3033 949 3091 ita
968 3049 1083 3107 paucos
1103 3031 1239 3108 repperi3
1267 3030 1438 3089 libertinum
1459 3030 1503 3088 ita
1523 3030 1653 3106 appella-

327 3139 388 3190 tum
412 3149 471 3189 non
494 3133 619 3190 inveniri
641 3151 822 3209 quamquam
845 3133 966 3192 minime
987 3133 1136 3191 contendo
1158 3132 1269 3207 (neque
1291 3133 1369 3189 enim
1391 3132 1429 3190 ab
1449 3132 1593 3190 hesterno
1608 3132 1654 3190 de·

326 3251 405 3290 mum
431 3233 480 3292 die
501 3233 532 3290 in
553 3233 611 3292 hoc
633 3251 764 3308 aequore
785 3235 925 3308 navigo),
952 3233 1008 3291 hoc
1030 3233 1096 3291 dico
1118 3233 1298 3291 vocabulum
1319 3251 1416 3308 neque
1438 3230 1654 3291 Graecanicum

326 3352 393 3394 esse
420 3354 517 3412 neque
544 3353 582 3392 ex
610 3334 728 3393 Latinis
755 3335 793 3392 iis
820 3353 898 3410 quae
927 3351 999 3392 usus
1027 3332 1222 3393 Graecanicis
1250 3333 1390 3409 aequavit
1411 3343 1440 3391 et
1462 3332 1583 3391 omnino
1604 3351 1655 3391 uo·

327 3455 394 3494 meu
421 3453 502 3505 esse,
530 3446 564 3493 ut
590 3434 633 3492 ait
654 3434 778 3493 Tacitus
806 3435 895 3510 (hiet.
916 3435 1031 3510 1‚13),
1060 3443 1205 3510 equestre.
1250 3433 1388 3510 Denique
1414 3441 1447 3491 ut
1471 3434 1513 3492 Μ.
1539 3433 1655 3492 Annius

326 3535 426 3594 Verus
459 3535 623 3612 splendidis
650 3536 799 3594 natalibus
825 3544 908 3595 ortus
935 3536 965 3593 in
993 3554 1114 3614 gregem
1141 3553 1268 3610 quocum
1294 3535 1397 3592 ludere
1424 3534 1542 3592 solebat
1568 3534 1657 3592 etiam

326 3636 477 3694 inferioris
499 3635 612 3693 ordinis
635 3636 772 3695 homines
793 3636 956 3708 admiserit,
983 3655 1050 3696 cum
1073 3635 1270 3712 sphaeristica
1290 3637 1367 3693 inter
1388 3635 1557 3694 senatorias
1578 3643 1657 3692 artes

328 3743 408 3794 certe
437 3755 497 3793 nou
525 3743 711 3807 numeretur,
739 3745 837 3796 tamen
864 3739 941 3796 inter
970 3739 1126 3796 libertinos
1152 3755 1219 3794 eum
1246 3737 1361 3794 socium
1388 3735 1445 3794 sibi
1471 3735 1657 3812 quaesivisse

310 3836 510 3899 ,christianae
531 3836 627 3912 magis
650 3838 809 3896 humilitati
830 3839 970 3898 convenit
991 3857 1080 3914 quam
1102 3837 1243 3912 gravitati
1265 3836 1428 3894 Romanae.

413 3933 515 3995 Unum
537 3945 683 4011 superest,
705 3939 783 4014 quod
807 3939 978 4016 scrupulum
995 3949 1122 4008 moreat,
1144 3937 1290 4013 apotheca
1304 3937 1461 4008 dominica,
1483 3955 1543 4012 qua
1557 3935 1658 4014 appel·

329 4037 442 4095 latione
477 4053 548 4095 sans
579 4038 703 4096 libertus
732 4040 850 4115 patroni
879 4040 986 4098 cellum
1018 4039 1163 4097 vinariam
1191 4038 1361 4114 significare
1389 4037 1501 4112 potuit;
1534 4037 1591 4096 etsi
1616 4038 1660 4096 ita

329 4156 390 4197 nen
418 4138 493 4197 satis
522 4129 719 4215 intellegitur,
747 4158 800 4198 cur
825 4140 964 4198 libertum
993 4139 1165 4197 honoraturi
1195 4139 1312 4214 patroni
1340 4138 1471 4197 maxime
1498 4137 1660 4216 amphoras

330 4239 459 4298 ebibant.
505 4237 593 4313 Quod
616 4241 642 4298 si
662 4241 763 4300 Ursus
785 4261 845 4299 nou
866 4239 1023 4298 libertinus
1043 4240 1116 4311 fuit,
1142 4240 1195 4298 ssd
1217 4240 1378 4316 ingenuus,
1399 4239 1546 4314 apotheca
1565 4238 1659 4298 domi-

329 4339 397 4399 nica
417 4341 446 4399 ei
475 4340 560 4399 nulla
587 4341 646 4398 dici
675 4341 773 4416 potnit
799 4341 859 4398 nisi
885 4340 1091 4414 imperatoris3
1120 4342 1204 4399 euius
1231 4358 1413 4416 quamquam
1441 4339 1541 4398 claves
1566 4356 1660 4414 peuce

331 4459 397 4498 eum
422 4439 519 4500 fuisse
547 4442 705 4500 estendere
732 4459 848 4516 nequeo
874 4447 918 4511 et,
945 4449 978 4498 ut
1003 4459 1103 4499 verum
1131 4442 1240 4512 fatear,
1267 4441 1306 4499 ad
1327 4440 1476 4498 Hadriani
1498 4439 1661 4498 Falernum

331 4537 442 4600 Ursum
464 4560 523 4600 non
545 4541 709 4600 faciliorem
731 4541 843 4599 editum
865 4540 1006 4600 habuisse
1025 4560 1200 4617 persuasum
1216 4542 1312 4601 habeo
1326 4559 1417 4617 quam
1431 4541 1564 4616 reliquos
1579 4541 1660 4600 cives

330 4641 460 4698 urbanos
482 4649 600 4720 praeter
621 4659 734 4717 paucos
748 4644 854 4702 beatos
869 4641 908 4699 ad
923 4643 1064 4700 auditorii
1078 4651 1108 4701 et
1122 4643 1234 4702 cellarii
1249 4641 1487 4701 communionem
1502 4641 1661 4712 admissos,

331 4747 431 4800 tamma
451 4739 508 4798 hoc
529 4743 592 4800 scio
615 4741 777 4817 amphoras
797 4741 892 4800 cellae
913 4743 1124 4819 imperatoriae
1145 4745 1234 4803 etiam
1250 4744 1288 4802 ab
1302 4744 1340 4801 iis
1355 4742 1500 4801 celebrari
1514 4741 1661 4817 potuisse,

331 4837 384 4914 qui
405 4857 566 4915 numquam
588 4861 625 4900 ne
646 4843 767 4902 odorem
789 4842 909 4919 quidem
931 4862 1032 4901 earum
1054 4843 1235 4903 olfecissent.
1276 4841 1327 4900 ‘tle
1349 4842 1376 4899 ἐν
1396 4835 1501 4919 Ῥώμῃ,
1524 4840 1661 4901 Galenus

331 4939 374 4998 sit
396 4929 470 5022 (arpi
493 4931 644 4998 dvrrde'rwv
663 4943 725 5014 1,4
746 4944 806 5002 vol.
824 4944 862 5003 14
884 4963 913 5020 p.
930 4943 969 5001 25
990 4943 1109 5018 Kfihn),
1131 4947 1184 5000 τῶν
1206 4937 1326 5026 ripr'rrmv
1348 4933 1507 5025 φαρμάκων
1528 4939 1662 5000 ἁπάντων

331 5035 486 5123 εὐπορῆσαι
512 5039 622 5109 adhaec
648 5031 723 5098 ἴστον
749 5032 767 5112 ἢ
789 5039 857 5100 κατ’
879 5032 952 5100 ἄλλο
979 5035 1095 5125 χωρίον,
1122 5034 1210 5104 οὕτως
1231 5043 1258 5100 ἓν
1280 5039 1356 5120 αὐτῇ
1375 5045 1410 5120 τῇ
1429 5035 1518 5118 Ῥώμῃ
1539 5035 1663 5124 Καίσαρι

333 5129 480 5212 exactem
506 5161 549 5200 rac
574 5131 614 5197 dra
641 5143 750 5206 μᾶλλον
778 5137 892 5226 trinepti
912 5133 1026 5201 orimur
1051 5145 1106 5202 τῶν
1133 5143 1172 5204 rr’s
1197 5133 1281 5228 ἄκρον
1306 5140 1414 5228 ἀρετῆς·
1430 5133 1563 5212 ἦκὸντων,
1589 5135 1662 5200 οἴνου

331 5230 380 5309 μὶν
406 5243 458 5298 τοῦ
484 5232 634 5325 Φαλερίνου
660 5230 708 5298 nal
734 5232 844 5310 με’ὶοτος
867 5236 1014 5315 Ὑμηττίου
1041 5255 1072 5306 et
1097 5263 1174 5321 quae
1201 5256 1373 5323 sequuntur.
1416 5241 1531 5303 Narrat
1556 5243 1664 5303 ddude
