3582 5956
346 605 419 676 212
892 617 1121 682 1111111111

345 723 498 738 ..ἡ

344 805 469 857 trautur.
514 789 1237 869 6111111111111111((1.Ι.(11.1.4016)Τ.
1266 787 1670 869 e1.(tatanusappe1mur
1773 857 1774 888 1

344 887 574 977 ἁγωνοθετῆτας
596 886 648 967 dle,
671 895 723 952 τοῦ
742 916 772 951 τε
793 896 888 951 κανοῦ
907 896 962 952 τῶν
976 895 1116 952 Γαλατῶν
1138 883 1186 951 καὶ
1206 894 1261 951 τῶν
1282 892 1360 974 ἱερῶν
1377 883 1498 970 α’γῶνων
1511 895 1568 950 τῶν
1582 884 1672 969 μεγά-

343 1008 400 1057 λων
413 991 617 1068 Ἀτκληαιῶων
629 988 765 1064 Ἰσθμίων
780 989 899 1054 Πυθίων
920 984 968 1052 aui
990 982 1140 1079 ἆρχαρεῶς
1161 996 1213 1052 τοῦ
1232 996 1326 1052 κοινοῦ
1344 996 1398 1052 τῶν
1412 997 1561 1062 Γαλατῶν,
1577 999 1673 1052 Γαλα-

345 1092 469 1185 rrimus,
490 1088 757 1175 Σεβαντοφῶντης;
779 1098 810 1157 in
832 1097 925 1156 altero
947 1094 1108 1172 (G.1.Gr.
1130 1116 1159 1155 n.
1175 1096 1272 1173 4031)
1294 1097 1401 1156 Aelius
1416 1095 1543 1156 Macedo
1565 1097 1672 1157 dicitur

345 1193 591 1287 ἄρχαρατῶμενος
611 1203 662 1257 τοῦ
682 1202 773 1257 κῶνον
795 1202 849 1256 τῶν
870 1201 1018 1266 Γαλατῶν,
1039 1189 1246 1282 Γαλατᾶρχησ,
1268 1188 1513 1274 σεβαατοφαντης
1535 1191 1672 1264 8119111

344 1307 399 1362 τῶν
427 1300 507 1361 θεῶν
534 1293 707 1368 {elicorum
750 1299 820 1360 Non
849 1301 970 1360 dubium
1000 1311 1060 1372 est,
1089 1301 1162 1377 quin
1191 1301 1222 1359 in
1251 1301 1352 1376 priore
1377 1300 1571 1376 potissimum
1600 1319 1673 1360 vana

344 1407 417 1466 insit
437 1406 667 1466 honorificarem
690 1403 924 1480 appellationum
947 1403 1116 1462 cumulatio.
1153 1401 1233 1461 Nam
1255 1401 1280 1461 si
1305 1400 1488 1462 Galatareha
1508 1402 1567 1461 fuit
1583 1401 1672 1462 Gaia·

344 1527 419 1579 nus,
446 1509 503 1566 fuit
529 1507 617 1565 etiarn
645 1495 829 1588 ἀγωνοθέτης
855 1521 952 1579 neque
978 1503 1007 1562 id
1030 1505 1190 1579 separatim
1212 1503 1438 1580 praeseferre
1459 1503 1571 1563 debuit
1617 1502 1673 1564 Sed

345 1620 460 1670 ceteras
482 1607 642 1686 dignitates
663 1615 743 1665 reete
765 1605 936 1682 distinguet,
958 1606 1010 1681 qui
1032 1605 1209 1678 meminerit,
1231 1605 1269 1664 ad
1284 1605 1482 1664 sacerdotium
1496 1606 1672 1681 provinciae

345 1712 493 1769 nemiuem
514 1708 688 1785 pervenisse
709 1708 767 1766 nisi
789 1707 839 1782 qui
861 1707 892 1765 in
908 1723 964 1764 sua
978 1707 1099 1766 civitate
1113 1707 1252 1766 omuibus
1267 1706 1430 1765 honoribus
1444 1706 1568 1766 functos
1584 1717 1671 1765 esset

346 1809 397 1872 Sic
419 1811 565 1888 Euryales
592 1809 645 1868 illc
671 1808 751 1885 apud
772 1808 976 1886 Waddington
1005 1828 1034 1866 u.
1051 1807 1129 1868 2741
1160 1809 1288 1885 primum
1316 1808 1372 1867 luit
1397 1801 1550 1892 ἀρχιερεῦς
1569 1801 1670 1868 'Arr'ac

345 1912 418 1970 ναῶν
432 1914 486 1970 τῶν
502 1911 529 1969 ἐν
543 1904 665 1995 Σμύρνη,
686 1910 790 1970 deinde
813 1910 984 1988 designatus
1006 1918 1054 1969 est
1074 1904 1227 1994 cipqprpade
1240 1899 1411 1981 rair'Arr'uc.
1448 1909 1565 1968 Eodem
1586 1909 1672 1970 modo

343 2021 374 2072 et
396 2012 534 2074 Gaianas
556 2021 586 2072 et
606 2013 733 2073 Macedo
754 2012 883 2090 primum
904 2012 987 2070 fuere
1008 2002 1257 2087 Σεβαποφάνται
1279 2003 1327 2068 διὰ
1347 2002 1431 2078 βίον,
1452 2012 1473 2070 i.
1487 2032 1513 2072 e.
1537 2012 1672 2070 flamines

343 2116 479 2195 perpetui
507 2116 638 2174 civitatis
659 2117 813 2191 Ancyrae,
839 2113 946 2172 deinde
967 2113 1037 2172 lacti
1060 2122 1129 2172 sunt
1148 2109 1291 2195 ἀρχιερεῖς
1311 2113 1363 2170 τοῦ
1382 2114 1476 2170 κανοῦ
1496 2114 1551 2169 τῶν
1573 2117 1668 2168 Paler-

342 2221 414 2285 τῶν,
439 2218 471 2276 id
497 2225 544 2277 est
569 2216 743 2276 sacerdotes
764 2215 867 2293 templi
888 2214 970 2274 illius
991 2214 1190 2285 celeberrimi,
1216 2213 1297 2290 quod
1319 2214 1458 2290 Ancyrae
1481 2223 1670 2274 exstruxerat

343 2315 661 2385 elucubratorum,
687 2319 822 2394 talesque
848 2317 952 2394 templi
981 2315 1151 2376 sacerdotes
1179 2315 1363 2392 intelligendi
1384 2324 1467 2387 sunt,
1494 2317 1597 2393 qualis
1618 2317 1669 2374 fnit

343 2417 497 2505 ἆρχιερεῶς
516 2412 617 2481 ’arluc
638 2421 709 2477 ναοῶ
728 2419 782 2474 rori
801 2417 829 2474 ἐν
850 2408 962 2493 ’Epirus
983 2419 1078 2475 κσινοῶ
1098 2419 1148 2488 τῆς
1168 2408 1269 2478 ’Arabe
1294 2427 1324 2475 et
1348 2417 1452 2488 ceteri,
1481 2435 1560 2494 quos
1583 2435 1669 2493 supra

344 2524 561 2594 recensuimus3
583 2530 736 2599 postremo
758 2519 849 2580 creati
872 2527 942 2579 sunt
963 2517 1173 2591 Galatarchae,
1196 2526 1229 2577 ut
1251 2519 1326 2577 nihil
1346 2519 1377 2576 iu
1399 2519 1446 2576 his
1468 2519 1667 2595 inscriptioni·

343 2627 399 2684 bus
420 2624 598 2694 inveniatur,
619 2621 700 2699 quod
722 2640 806 2682 meae
827 2622 991 2680 sententiae
1012 2622 1123 2698 opponi
1145 2620 1252 2697 possit.
1290 2619 1349 2680 Sed
1370 2620 1445 2679 haec
1467 2619 1619 2678 sufiiciunt
1635 2620 1668 2679 de

344 2727 489 2785 Asiaticis
510 2725 682 2801 provinciis.

430 2826 477 2886 18.
521 2824 631 2884 Caesa
652 2843 719 2883 cum
736 2821 919 2883 Cattenates
941 2825 1098 2884 coniuncta
1119 2823 1174 2882 tuit
1196 2840 1289 2899 usque
1310 2823 1348 2880 ad
1363 2822 1598 2896 Diocletianum,
1620 2825 1668 2884 sed

344 2947 430 2988 suum
450 2922 539 2986 κοινὸν
560 2926 675 2998 habuit,
701 2926 785 2985 cuius
804 2943 914 2984 ‘nomen
936 2926 1111 3003 inscriptum
1134 2935 1181 2984 cst
1200 2927 1330 2984 nummis
1352 2922 1541 2987 Cretensium
1561 2925 1668 2986 indea

344 3030 467 3090 Tiberio
487 3048 585 3107 nsque
606 3028 645 3088 ad
660 3027 701 3086 M.
717 3027 884 3086 Aurelium.
920 3027 1021 3086 Etiam
1043 3035 1113 3105 post
1126 3026 1349 3087 Diocletianum
1369 3027 1401 3084 in
1422 3029 1668 3105 inscriptionibus
1781 3055 1782 3084 ;

343 3132 469 3191 habetur
480 3121 654 3214 Κρητάρχης
675 3127 724 3204 (C.
740 3129 764 3186 Ι.
779 3127 834 3189 Gr.
850 3149 878 3187 11.
892 3127 999 3203 2744),
1021 3122 1112 3186 nomin
1125 3129 1180 3185 τῶν
1195 3128 1307 3210 Κρητῶν
1329 3127 1383 3203 (ib.
1400 3147 1429 3186 11.
1445 3128 1552 3206 2583),
1576 3119 1668 3207 δυ’·γμα

342 3233 394 3291 τοῦ
412 3233 506 3291 κανοῦ
525 3234 576 3303 τῆς
596 3232 710 3312 Κρητῶν
730 3222 877 3311 ἐπαρχίας
898 3229 941 3306 (n.
958 3229 1068 3306 2595),
1092 3218 1190 3306 δέημα
1210 3231 1261 3286 τοῦ
1281 3219 1375 3286 ucrvo'd
1395 3220 1492 3298 πᾶτης
1512 3232 1564 3300 τῆς
1585 3231 1667 3316 ἐταρ-

343 3326 588 3412 χ111(11.2596.
610 3331 716 3409 2597).
760 3331 954 3393 Memorabile
981 3339 1039 3404 est,
1066 3331 1145 3408 qnod
1171 3329 1203 3390 in
1228 3332 1316 3391 inscr.
1339 3351 1368 3389 n.
1385 3329 1466 3391 2583
1489 3350 1666 3393 commemo·

341 3445 425 3496 ratur
450 3430 520 3522 iapbc
540 3429 621 3511 ἆγῶν
643 3427 856 3517 πενταετηρικδς
875 3435 927 3489 τοῦ
946 3434 1040 3489 κανοῦ
1060 3434 1115 3490 τῶν
1136 3433 1251 3516 Κρητῶν
1276 3451 1315 3491 ex
1339 3450 1399 3508 quo
1427 3434 1496 3508 quis
1523 3435 1666 3507 coniiciat,

342 3539 446 3615 quinto
472 3554 590 3614 quoqne
618 3553 698 3594 anno
726 3534 884 3593 concilium
913 3532 1100 3593 Cretensium
1129 3550 1197 3592 esse
1222 3533 1365 3592 habitum.
1408 3533 1457 3593 De
1485 3533 1666 3613 Cyrenaicae

342 3639 469 3698 concilio
490 3636 564 3695 nihil
585 3643 688 3694 uotum
709 3645 765 3696 est.

428 3740 475 3798 19.
519 3738 696 3800 Peovmcta
716 3736 952 3807 Tauronem,
974 3755 1051 3813 quae
1073 3736 1192 3814 etipsa
1213 3737 1270 3796 sub
1291 3735 1483 3796 Diocletiano
1505 3739 1663 3799 constituta

342 3849 402 3911 est,
430 3857 538 3898 nomen
566 3837 656 3897 habet
682 3855 700 3894 a
726 3837 851 3897 concilio
877 3837 967 3896 trium
993 3837 1159 3910 civitatum,
1186 3838 1224 3897 ad
1250 3839 1330 3914 quod
1351 3840 1541 3915 pertinebant
1561 3839 1662 3918 Leptis

340 3959 465 4018 magna,
497 3939 576 4011 Oea,
609 3935 753 4009 Sabrata,
785 3947 939 4016 praeterea
973 3947 1071 3998 autem
1099 3940 1211 4018 oppida
1238 3940 1392 4018 complura
1417 3941 1542 4000 minora.
1592 3943 1662 4002 Eius

337 4041 459 4101 concilii
480 4049 586 4118 quarto
607 4041 697 4100 etiarn
720 4041 839 4100 sacerdo
861 4041 995 4100 meminit
1008 4041 1187 4100 Ammianus
1208 4037 1257 4114 28,
1274 4040 1302 4114 6,
1319 4040 1351 4099 7:
1376 4041 1553 4119 Tripolitani
1572 4075 1610 4087 -
1626 4077 1661 4087 -

339 4143 465 4220 adlapsa
487 4144 611 4220 lepitimo
633 4141 678 4201 dic
700 4142 822 4213 11111111,
845 4145 923 4219 qaod
943 4145 1024 4219 opud
1044 4162 1090 4202 coa
1113 4153 1153 4202 est
1174 4161 1307 4217 nonnam,
1330 4141 1464 4202 Sacarum
1485 4153 1512 4201 st
1525 4143 1657 4206 Flaccia-

338 4265 405 4306 aum
426 4263 554 4306 11111111
575 4245 691 4321 lspctos.

424 4343 472 4406 20.
517 4345 639 4407 Ceteras
662 4345 785 4404 Africae
806 4347 1049 4421 septentrionalis
1071 4347 1258 4423 provincias,
1280 4348 1426 4416 Aemcalt
1447 4362 1663 4406 1101011111-

337 4467 417 4523 ean,
445 4448 629 4519 anrurars,
659 4447 897 4506 ermerannus
919 4445 1183 4521 Caesariensem,
1212 4447 1316 4526 paucis
1346 4446 1503 4507 absolvere
1529 4466 1663 4525 possum,

336 4561 497 4627 postquam
519 4550 556 4608 da
580 4567 680 4608 earum
703 4557 733 4607 et
751 4547 887 4608 conciliis
901 4557 931 4607 et
945 4547 1151 4608 sacerdotibus
1166 4548 1395 4627 diligentissime
1409 4548 1470 4626 egit
1484 4547 1523 4608 Ο.
1539 4549 1663 4611 Hirsch-

335 4651 396 4708 feld
419 4651 449 4708 in
470 4650 551 4709 Ann.
573 4652 644 4710 inst.
667 4649 746 4709 arch.
778 4648 867 4707 Rom.
889 4667 917 4707 a.
935 4647 1014 4710 1866
1036 4666 1066 4725 p.
1083 4649 1220 4709 69-77.

419 4751 544 4810 Acarna
568 4765 826 4811 rnocorrsvuaura
853 4749 892 4808 ad
919 4749 1078 4810 concilium
1105 4751 1302 4810 conveniebat
1329 4747 1543 4828 Carthaginem
1574 4750 1661 4828 (Cod.

337 4851 396 4911 Th.
416 4849 462 4922 12,
481 4852 593 4923 1,145.
611 4850 683 4928 176)
706 4852 953 4927 sacerdotemque
973 4850 1110 4924 habebat,
1133 4851 1186 4929 qui
1206 4851 1328 4929 expleto
1350 4851 1516 4912 sacerdotio
1538 4852 1570 4911 in
1585 4853 1661 4912 crdi-

334 4971 403 5012 nem
424 4953 643 5012 anemdotcliam
662 4953 863 5029 recipiebatur
883 4950 1071 5028 (Hirschfeld
1091 4971 1122 5030 p.
1138 4952 1178 5012 69
1185 4952 1278 5030 sqq),
1299 4970 1426 5029 quorum
1448 4960 1479 5010 et
1497 4952 1660 5032 integrum

335 5051 490 5128 (Cothofr.
512 5053 644 5130 paratitI.
670 5053 710 5112 ad
730 5051 807 5114 Cod.
830 5053 888 5114 Tb.
911 5052 960 5126 16,
976 5053 1028 5130 10)
1053 5060 1084 5112 11
1104 5054 1185 5132 apud
1205 5053 1366 5129 scriptores
1387 5051 1552 5128 (Ammian.
1568 5052 1619 5126 28,
1632 5054 1657 5112 6.

337 5153 389 5230 10)
417 5162 447 5214 11
472 5154 504 5214 in
528 5153 775 5232 inscriptionibus
801 5153 942 5231 frequens
967 5161 1015 5213 est
1039 5155 1160 5214 mentio.
1204 5153 1242 5214 V.
1262 5153 1379 5215 Itoniae
1395 5153 1489 5214 lusca
1512 5156 1548 5214 da
1567 5153 1655 5230 l’Alp.

333 5276 363 5314 11.
383 5255 431 5315 28.
455 5253 765 5316 144615271718.
789 5255 878 5317 1851.
900 5253 998 5329 25471
1026 5253 1143 5318 (11161111
1167 5255 1238 5334 ch.
1264 5255 1389 5318 arcldol.
1411 5255 1428 5314 1
1454 5275 1483 5316 n.
1501 5255 1550 5316 35.
1597 5251 1655 5316 Sub
