3578 5962
575 601 626 654 na
652 601 797 656 numme
823 601 981 657 amma.
1367 587 1442 660 245

106 769 223 842 <leidrat
244 795 311 839 esse
334 777 397 836 veri
419 775 614 850 simillimum,
640 777 769 836 alterum
789 769 942 847 Ernn'pur
963 776 1162 855 supplendum
1190 795 1258 838 esse
1279 789 1358 842 certe
1384 802 1445 843 non

106 880 309 958 improbabile
337 887 393 940 est.
442 879 490 938 De
516 879 608 938 totius
636 878 717 938 tituli
745 877 881 937 clausula
907 896 927 938 a
953 897 1001 937 me
1028 880 1168 957 suppleta
1194 880 1270 940 nihil
1294 887 1445 961 estquod

110 982 232 1042 addam.

195 1084 262 1143 Iam
281 1083 318 1142 dc
340 1101 377 1142 ec
398 1084 453 1160 qui
471 1081 531 1142 hoc
552 1081 642 1142 titulo
661 1082 827 1142 honoratur
844 1083 1056 1159 quaerentibus
1071 1083 1202 1143 occurrit
1218 1085 1249 1145 0.
1263 1085 1359 1146 Iulius
1376 1089 1406 1148 0.
1415 1093 1444 1168 j.
1519 1104 1523 1112 ·

110 1185 281 1263 Scapulaia,
296 1185 381 1244 cuius
395 1185 525 1245 honores
540 1185 572 1243 in
587 1183 704 1244 duobus
719 1183 814 1242 titulis
825 1185 995 1261 Ancyranis
1011 1183 1045 1244 (l.
1061 1186 1087 1243 1.
1102 1183 1156 1245 Gr.
1172 1184 1263 1246 4022.
1280 1185 1330 1261 23,
1341 1199 1372 1247 at
1386 1191 1446 1251 alio

109 1289 143 1346 in
159 1286 373 1346 Trachonitide
386 1293 517 1365 reperto,
531 1304 620 1363 quem
636 1286 864 1346 Mordtmannus
879 1286 971 1345 edidit
983 1287 1063 1345 Mus.
1077 1286 1175 1347 Rhen.
1189 1287 1318 1348 XXVII
1331 1308 1362 1367 p.
1376 1293 1446 1368 149,

108 1399 312 1448 recensentur.
358 1385 492 1463 Quorum
515 1389 671 1448 titulorum
692 1387 794 1446 nullus
816 1388 1009 1465 inteperent,
1034 1389 1148 1448 sodex
1170 1391 1308 1451 omnihus
1330 1395 1447 1473 integra

110 1493 263 1550 honorum
277 1490 371 1550 series
388 1490 585 1567 componitur.
612 1491 714 1566 Atque
727 1489 849 1547 nomina
864 1490 983 1566 quidem
997 1491 1088 1568 plane
1103 1491 1207 1550 eadem
1223 1495 1301 1568 sunt,
1314 1507 1447 1571 praeter·

110 1611 205 1671 quam
225 1591 307 1669 quod
328 1593 359 1652 in
380 1599 486 1651 nostro
512 1592 600 1651 titulo
625 1607 789 1668 cognomen
811 1595 883 1651 Φ...
906 1592 1039 1666 additur,
1068 1611 1129 1670 quo
1156 1594 1202 1652 illi
1231 1603 1341 1656 carent
1386 1595 1447 1660 Sed

110 1713 211 1771 neque
233 1695 344 1771 singuli
366 1695 497 1753 honores
520 1694 579 1753 sibi
599 1692 783 1771 respondent
804 1711 901 1769 neque
923 1701 1090 1771 temporum
1112 1697 1253 1756 rationes.
1290 1696 1346 1756 Ille
1368 1701 1447 1758 enim

111 1793 250 1875 Scapula
269 1802 341 1872 post
360 1803 530 1873 praeturam
551 1803 582 1854 et
601 1794 845 1872 proconsulatum
861 1796 995 1854 Achaiae
1014 1796 1131 1873 legatus
1152 1791 1209 1873 pro
1230 1807 1368 1875 praetore
1382 1801 1449 1861 Ha·

112 1900 217 1958 dricni
238 1897 428 1975 imperatoris
449 1897 517 1970 fuit,
538 1897 586 1955 hic
608 1897 667 1956 iam
682 1904 874 1974 quaesturam
889 1894 1032 1956 Antonino
1046 1897 1101 1956 Pio
1115 1899 1280 1976 imperante
1301 1913 1447 1978 gesserat.

111 2001 159 2059 At
186 1999 272 2058 illum
299 1998 389 2060 huius
417 2006 533 2076 patrem
555 1999 652 2059 luisse
680 1998 843 2057 verisimile
871 2017 906 2057 ac
926 2017 1022 2077 paene
1050 2009 1164 2059 certum
1185 2007 1241 2059 est.
1283 2000 1362 2061 Nam
1384 2021 1445 2062 non

113 2100 214 2162 solum
240 2100 363 2160 nomina
389 2109 420 2159 et
448 2109 616 2178 temporum
643 2101 777 2160 rationes
809 2118 847 2158 eo
873 2100 996 2173 ducunt,
1034 2100 1086 2160 sed
1122 2099 1183 2159 alia
1208 2102 1330 2178 gravior
1355 2121 1449 2162 causa

112 2203 244 2264 accedit:
273 2199 308 2262 G.
323 2201 419 2262 Iulius
442 2200 575 2288 Scapula
595 2202 695 2262 iunior
715 2211 776 2262 tum
796 2220 862 2261 cum
885 2201 991 2262 titulus
1005 2209 1173 2284 poneretur
1185 2201 1291 2262 aedilis
1310 2204 1448 2282 designa-

112 2314 165 2364 tus
192 2310 273 2378 erat,
301 2311 493 2381 quaesturam
515 2311 615 2364 antem
643 2304 904 2363 administraverat
930 2321 991 2361 non
1017 2303 1248 2382 provincialem,
1280 2305 1333 2363 sed
1353 2306 1447 2384 impe·

112 2405 237 2468 tatoris.
282 2402 383 2480 Quare
410 2405 441 2464 in
468 2407 533 2466 eius
558 2406 722 2482 honoribus
738 2398 830 2464 'cene
856 2405 971 2464 nullam
997 2422 1120 2466 causam
1145 2405 1275 2481 positam
1300 2407 1448 2483 videmus,

113 2528 169 2569 cur
190 2506 321 2567 Athenis
342 2507 533 2584 potissimum
561 2513 662 2566 statua
687 2515 787 2566 erecta
806 2507 1014 2566 honoraretur.
1059 2509 1102 2567 At
1123 2504 1283 2584 Scapulam
1306 2509 1449 2586 maiorem

114 2609 197 2670 tituli
211 2607 379 2685 indicant1)
401 2608 611 2685 proconsulem
631 2608 764 2668 Achaiae
778 2609 888 2682 fuisse3
910 2627 1001 2686 quum
1024 2617 1124 2666 autem
1139 2609 1269 2670 sciamus
1284 2628 1344 2668 non
1358 2611 1449 2670 modo

113 2710 314 2790 proconsules
346 2710 432 2786 ipsos
466 2710 520 2769 sed
546 2710 636 2769 etiam
664 2729 768 2768 eorum
793 2711 905 2770 liberos
933 2728 1024 2788 saepe
1053 2710 1161 2770 statuis
1189 2711 1354 2771 honoratos
1381 2729 1450 2771 esse

115 2811 347 2890 (Friedlander,
376 2811 599 2888 Daratellanpen
620 2831 674 2872 aas
701 2815 753 2873 der
775 2811 1022 2890 Sittenpcacliclrta
1042 2811 1131 2870 Roma
1151 2811 1201 2870 Ill
1220 2831 1250 2889 p.
1272 2811 1340 2873 164.
1384 2812 1449 2874 Cir.

114 2916 209 2976 etiam
223 2933 302 2992 quae
317 2914 354 2973 de
367 2914 510 2990 Memmio
523 2913 642 2992 Regulo
664 2913 729 2974 dixi
751 2933 843 2991 supra
862 2933 892 2990 p.
911 2913 995 2989 111.)
1017 2930 1056 2970 ex
1078 2931 1114 2971 ea
1128 2913 1195 2989 ipsa
1215 2933 1246 2973 re
1268 2916 1451 2975 coniciemus

116 3003 282 3095 Scapulam
303 3016 449 3076 iuniorem
471 3015 662 3092 proconsulis
684 3015 779 3074 filium
799 3015 904 3078 luisse.

204 3117 233 3178 8.
259 3118 349 3178 Basia
371 3117 528 3177 marmoris
543 3117 692 3176 Pentelici
713 3119 836 3176 inventa
855 3116 887 3175 in
910 3133 978 3174 arce
1001 3113 1144 3174 orientem
1161 3133 1272 3175 vversus
1295 3113 1451 3176 aParthe·

117 3239 207 3294 none,
229 3221 282 3279 nbi
303 3238 383 3303 nunc
404 3218 493 3279 etiam
516 3227 571 3278 est.
614 3217 671 3277 Ed.
693 3217 826 3277 Pittalris
846 3215 913 3292 Ἐφ.
935 3211 1009 3296 ἆρχ.
1036 3235 1065 3274 n.
1089 3215 1159 3274 363.
1203 3215 1350 3289 Bursian,
1379 3219 1449 3276 Ber.

117 3325 171 3384 dar
191 3321 286 3382 adela.
311 3321 377 3381 Oea.
400 3322 451 3380 der
478 3319 650 3380 Wiaaenacl.
675 3320 766 3393 1860,
787 3339 817 3397 p.
835 3316 905 3378 218.
941 3315 1082 3376 'Contulit
1102 3315 1246 3377 Koehler.

204 3424 378 3507 Tpritahrrtdu
398 3423 449 3493 riis
467 3420 473 3498 Ι
491 3413 632 3492 §turrinus
652 3422 703 3492 τῆς
723 3421 799 3504 ἱερᾶς
819 3408 868 3479 aul
888 3407 1009 3500 dle-dhon
1024 3409 1073 3476 acl
1088 3409 1243 3490 adrovipov
1262 3419 1267 3497 Ι
1286 3399 1334 3478 acl
1349 3442 1451 3504 ancup-

118 3519 210 3606 χῖδος
238 3525 262 3584 ui
287 3511 440 3609 ἆρχονΙτες
465 3513 513 3581 καὶ
539 3519 556 3594 ἦ
581 3515 678 3594 βουλὴ
705 3511 754 3580 ani
779 3519 794 3580 ὅ
824 3517 911 3594 δῆμος
933 3521 942 3598 Ι
963 3510 1089 3590 Αἰμίλιον
1109 3517 1239 3598 Ἰοῦγκον
1260 3513 1452 3606 πρεσβευΙτὴν

118 3618 283 3693 Σεβαστοῦ
309 3617 357 3683 καὶ
384 3615 617 3709 α’ντιστρᾶΙτηγον
642 3619 690 3680 τᾶν
716 3621 823 3682 ἑαυτῶν
844 3615 987 3701 unhailans
1010 3611 1058 3679 uni
1080 3612 1226 3706 sdrp‘yirqv
1254 3615 1453 3709 εὗχαρισΙτιάς
1551 3674 1554 3680 .

119 3719 213 3788 dventu
234 3721 283 3787 inl
303 3717 487 3812 πρεσβευτόῦ
503 3721 509 3807 Ι
527 3713 613 3783 Γαῖόυ
632 3718 752 3784 Ἰουλιόυ
773 3719 986 3812 ΠροκληῒανοῧΙ
1004 3714 1151 3796 ἐνέθηκαν
1177 3715 1430 3803 ἓπιψηφισαμένηο
1447 3727 1453 3804 Ι

118 3833 172 3903 τῆς
200 3823 236 3912 ἐξ
260 3821 369 3914 ’Apsias
395 3817 494 3905 πάγου
520 3820 634 3898 βουλῆς
657 3825 663 3905 Ι
685 3809 733 3887 nal
759 3812 948 3901 Ιτῆςιβονλιῖ,”ς
976 3827 1030 3884 τῶν
1052 3829 1076 3884 Φ
1100 3814 1149 3884 aul
1178 3829 1230 3885 rod
1251 3813 1373 3906 Ιδῆμου
1400 3830 1455 3886 τῶν

117 3923 288 4002 Ἀθηναίων
306 3930 311 4007 Ι
331 3920 375 3988 ini
396 3924 498 4014 lapsine·
515 3927 567 3989 Φλ.
589 3920 766 4013 &canapinam

207 4029 417 4092 certissimum
438 4031 583 4108 temporis
605 4031 748 4090 indicium
770 4041 818 4091 est
839 4005 961 4091 senatus
983 4033 1221 4109 quingentorum,
1244 4013 1332 4107 quem
1354 4049 1455 4090 nume·
1570 4019 1573 4024 ’

121 4153 189 4195 rum
211 4152 274 4193 non
294 4143 364 4192 ante
379 4131 564 4192 Hadrianum
587 4134 758 4209 restitutum
780 4150 849 4222 esse
870 4133 1065 4194 interomnes
1080 4131 1241 4208 constatl).
1274 4131 1381 4206 Neque
1404 4130 1461 4196 de·¹

125 4243 198 4298 sunt
218 4235 298 4298 aliae
317 4252 368 4295 res
390 4253 466 4313 quae
488 4253 551 4295 non
570 4251 679 4310 magno
701 4243 779 4292 certe
801 4233 946 4310 temporis
968 4235 1065 4310 spatio
1085 4241 1154 4292 ante
1175 4230 1363 4290 Hadrianum
1385 4229 1456 4288 titu-
1556 4295 1559 4300 ¹

122 4339 187 4400 lum
216 4337 418 4415 compositum
445 4337 659 4396 demonstrent.
702 4335 890 4394 Praenomen
918 4334 984 4393 eiua
1010 4334 1062 4410 qui
1083 4335 1248 4414 honoratur
1269 4331 1415 4391 omissum
1438 4347 1457 4388 a

123 4440 216 4519 primi
241 4447 322 4498 certe
346 4457 376 4517 p.
400 4435 609 4499 chr.saecu1i
633 4456 717 4496 more
739 4437 868 4496 alienum
895 4443 949 4495 est.
989 4435 1108 4495 Deinde
1129 4433 1264 4511 Tripolis
1285 4431 1455 4490 Phoenices

125 4547 255 4602 vocatur
282 4532 433 4625 ναυαρχῖς.
485 4537 553 4615 Quo
580 4540 699 4598 nomine
725 4545 831 4598 omata
857 4539 888 4598 in
916 4538 1045 4598 nummis
1067 4536 1186 4615 quidem
1208 4535 1282 4594 haec
1303 4535 1375 4593 urbs
1397 4551 1458 4592 non

204 4811 229 4874 ¹)
254 4797 398 4862 aiiSrinarrv
420 4802 537 4882 ’Δχαΐας
558 4827 613 4862 non
632 4819 760 4862 servatum
785 4818 824 4863 est
846 4812 896 4862 nisi
916 4812 945 4860 in
970 4783 1302 4870 tituto'Mordrmanniano,
1328 4823 1407 4874 quum
1423 4799 1459 4856 'in

129 4903 234 4955 dnobus
247 4903 354 4968 reliquis
370 4890 513 4954 statuant
532 4918 565 4954 ex
578 4911 652 4969 parte
665 4911 793 4958 servatum
813 4904 854 4965 rit,
873 4902 1022 4967 provinciae
1035 4907 1121 4953 autem
1139 4915 1235 4950 nomen
1252 4907 1335 4950 totum
1347 4898 1461 4964 perierit.

206 4992 233 5058 ¹)
256 4995 318 5046 Non
338 4994 394 5046 dlxi
406 4991 542 5046 Hadriani
559 5001 674 5063 ternpore,
694 4995 739 5047 aed
758 5011 808 5046 non
826 5000 884 5046 urite
895 4993 1059 5045 Hadrianum
1077 4999 1183 5058 propter
1194 4991 1343 5044 Neuhaneri
1361 4991 1462 5041 coniec-

129 5095 230 5150 turam,
259 5087 304 5152 qni
330 5087 360 5138 id
384 5087 521 5139 Antonino
544 5087 595 5139 Pio
619 5089 775 5154 imperatore
801 5085 899 5137 iactum
922 5093 1004 5152 putat.
1047 5085 1210 5153 Quamquam
1238 5085 1308 5136 enim
1335 5081 1463 5134 assentior

129 5177 306 5231 Himchleldio
326 5177 476 5230 Neubaueri
500 5181 655 5231 sententiam
678 5179 849 5245 improbanti,
876 5185 962 5230 tamen
982 5179 1044 5244 quia
1067 5193 1099 5229 en
1118 5178 1168 5229 hoc
1189 5180 1247 5242 ipso
1266 5175 1369 5225 demum
1389 5171 1462 5222 titulo

131 5273 188 5323 eiua
206 5271 245 5322 rel
263 5278 442 5337 argumentum
461 5279 585 5336 repetam,
605 5287 673 5324 nunc
691 5271 720 5322 id
738 5273 765 5322 in
785 5270 871 5321 medio
890 5271 1085 5337 relinquendum
1104 5279 1151 5321 est.

1221 5349 1365 5415 18Ι
