3546 5950
508 611 807 667 onsnnvnmonns
826 611 944 666 neren.
963 613 996 662 v.
1342 595 1413 666 127

94 787 273 848 Maximiano
279 807 289 858 ;
310 785 448 846 illaesum
469 785 614 846 remansit
628 803 770 844 unacum
785 781 899 844 Cbloro
912 783 944 842 iu
959 784 1104 846 Africano
1119 805 1148 844 n.
1163 788 1210 862 ll,
1233 789 1283 848 ubi
1298 790 1417 850 sublata

95 899 161 952 suut
180 887 302 948 nomina
323 894 384 946 tam
406 886 590 946 Diocletiani
612 893 642 945 et
662 885 839 946 Maximiani
860 903 951 962 quam
974 884 1078 948 Severi
1100 896 1130 948 et
1144 889 1312 964 Maximini,
1333 902 1363 951 et
1383 895 1415 952 in

94 991 226 1069 Hispano
247 1011 277 1049 ιι.
294 991 327 1064 8,
354 991 406 1050 31ιί
435 988 539 1049 excisa
559 995 631 1048 sunt
650 987 773 1046 uomina
794 986 975 1048 Diocletiani
996 997 1026 1047 et
1046 989 1232 1050 Maximiani.
1275 992 1415 1071 Denique

95 1092 192 1155 Severi
206 1099 236 1153 et
250 1091 409 1152 Maximini
429 1089 552 1150 nomina
571 1090 724 1168 perierunt
745 1089 775 1147 in
797 1089 893 1150 titulis
915 1090 1034 1150 dnobus
1051 1091 1165 1152 urbano
1187 1113 1215 1152 u.
1231 1095 1266 1152 ll
1290 1096 1415 1155 313131-

95 1212 165 1253 cano
185 1213 215 1252 n.
233 1192 282 1253 13.

170 1295 270 1354 Eraau
295 1301 367 1354 sunt
390 1293 514 1354 nomina
539 1310 576 1352 ea
597 1292 634 1350 de
659 1292 767 1369 quibus
794 1292 911 1371 agimus
938 1293 969 1352 in
996 1292 1142 1355 Numidia
1161 1297 1416 1376 Mauretaniisque

95 1413 149 1454 uon
174 1404 243 1455 aute
268 1416 297 1455 a.
318 1395 395 1468 3053
423 1414 492 1455 nam
521 1411 631 1456 rasura
656 1394 794 1472 pervenit
817 1413 878 1453 nou
905 1394 1003 1456 solnm
1029 1395 1068 1454 ad
1089 1399 1208 1457 titulum
1237 1419 1266 1458 n.
1288 1401 1309 1458 9-
1334 1401 1415 1461 dedi·

94 1505 186 1556 catum
208 1517 235 1556 a.
253 1499 313 1558 303
335 1504 480 1568 exeunte,
505 1495 559 1556 aed
581 1496 670 1556 etiam
692 1495 730 1554 ad
752 1495 879 1555 alterum
900 1516 930 1556 n.
948 1498 1001 1570 11,
1026 1515 1116 1574 qoem
1137 1508 1262 1577 apparet
1282 1503 1415 1580 positum

94 1616 154 1658 esse
182 1608 255 1676 post
285 1599 502 1658 abdicationem
534 1598 684 1657 seniorum
711 1597 918 1673 Augustorum
944 1604 975 1658 ct
1002 1600 1182 1660 creationem
1209 1602 1415 1678 Augustorum

96 1697 259 1760 Conatamii
280 1707 311 1758 et
332 1698 462 1772 Galerii,
484 1697 648 1760 Caesarum
671 1695 776 1758 Severi
798 1704 828 1758 et
848 1699 1020 1774 Maximini,
1046 1718 1124 1777 quae
1145 1703 1225 1763 iacta
1244 1712 1291 1763 eat
1311 1725 1339 1764 a.
1354 1705 1414 1764 305

95 1801 295 1879 13130.-
322 1801 357 1860 ln
377 1803 451 1861 urbe
472 1801 553 1860 idem
573 1800 682 1860 accidit
702 1809 781 1859 certe
803 1816 863 1858 non
884 1801 1034 1861 3333ιί333
1054 1812 1201 1880 temporc;
1221 1823 1289 1864 uam
1312 1806 1416 1866 titulus

95 1921 121 1960 ιι.
135 1903 184 1975 10,
209 1905 264 1980 qni
291 1903 409 1963 lituram
434 1919 597 1981 perpessus
623 1909 685 1976 est,
716 1900 872 1962 dedicatus
898 1909 945 1963 est
970 1921 998 1964 a.
1013 1903 1073 1964 305
1095 1906 1143 1964 rel
1163 1906 1234 1966 306.
1278 1907 1416 1985 Denique

96 1999 224 2064 Gallicus
246 2025 278 2066 ιι.
296 2003 334 2062 la
356 2005 494 2064 similiter
515 2021 621 2063 erasus
642 2002 758 2079 positus
780 2011 827 2062 est
847 2003 925 2077 iuter
945 2022 972 2064 a
989 2004 1050 2064 306
1066 2012 1096 2064 et
1110 2005 1181 2066 308.

171 2104 274 2166 Causa
289 2107 394 2164 harum
408 2106 565 2166 liturarum
580 2122 728 2182 quaenam
742 2103 842 2176 suerit,
859 2104 1062 2180 quaerendum
1077 2116 1222 2185 superest.
1257 2108 1416 2170 Rcuierius

95 2207 168 2282 quod
188 2207 318 2267 coniecit
338 2207 372 2284 (l.
387 2226 414 2266 c.
436 2207 474 2266 ad
495 2225 524 2266 ιι.
540 2206 574 2283 9)
595 2224 655 2264 non
677 2205 856 2264 auctoritate
877 2206 999 2282 publica
1018 2208 1140 2267 nomina
1160 2209 1214 2267 illu
1227 2208 1326 2271 deleta
1339 2229 1416 2284 ease,

97 2308 144 2365 aed
164 2309 230 2367 odio
254 2306 499 2368 Christianorum
519 2307 600 2384 quod
621 2313 691 2385 post
712 2304 901 2366 Constantini
923 2307 1080 2368 victoriam
1102 2309 1133 2366 iu
1155 2308 1259 2370 Africa
1278 2312 1418 2372 efferbuit

96 2415 191 2468 contra
213 2409 373 2487 religionis
395 2409 535 2484 antiquae
557 2415 721 2468 sectatores
742 2415 774 2467 et
792 2409 920 2467 recentia
942 2416 1162 2484 persecutores,
1184 2420 1264 2471 recte
1286 2411 1417 2472 Roscius

96 2509 202 2583 reiecit;
226 2510 343 2570 unllam
364 2511 443 2570 enim
466 2510 603 2569 novimus
625 2509 773 2570 eiusmodi
793 2510 955 2568 memoriae
977 2509 1198 2570 damnationem
1220 2513 1278 2572 nisi
1298 2491 1444 2591 publice⁰

95 2609 198 2670 iussam
223 2629 323 2688 neque
348 2611 504 2688 probabile
532 2617 579 2670 est
605 2610 703 2670 simile
728 2610 845 2669 facinus
869 2609 972 2687 perlici
993 2612 1128 2687 potuisse
1148 2613 1268 2689 privato
1289 2615 1417 2675 consilio

97 2707 340 2772 Christianorum.
383 2712 451 2790 Ego
478 2711 558 2789 qnod
580 2712 725 2789 proposui
746 2711 866 2771 titulum
889 2710 1142 2790 Ostippouensem
1165 2713 1311 2774 adnotans
1334 2716 1418 2775 abdi·

96 2811 231 2874 cationem
258 2812 445 2874 Diocletiani
472 2819 502 2871 et
527 2811 705 2872 Maximiani
736 2812 768 2871 in
794 2813 841 2872 his
867 2813 1005 2891 partibus
1031 2813 1204 2892 longinquis
1231 2815 1275 2874 ita
1300 2835 1417 2893 percre-

96 2911 203 2988 buisse,
228 2924 265 2976 ut
286 2914 316 2974 ri
343 2913 473 2992 depositi
498 2913 594 2991 magis
616 2913 806 2973 crederentur
826 2931 918 2990 qnam
939 2915 1069 2975 honesta
1089 2916 1190 2993 specie
1210 2919 1331 2992 remoti,
1357 2921 1417 2980 iam

97 3013 227 3093 intellego
254 3015 382 3075 refutari
409 3015 545 3074 eratione
571 3014 724 3074 nominum
746 3013 861 3076 Galerii
887 3012 992 3076 Severi
1012 3015 1186 3089 Maximini,
1211 3036 1300 3095 quarn
1327 3020 1418 3078 simul

98 3113 196 3175 iactam
220 3133 292 3176 esse
313 3135 401 3176 nemo
421 3115 509 3176 facile
530 3116 659 3196 negabit.
704 3113 784 3175 Saue
805 3115 940 3175 Herculii
962 3135 1070 3176 nomen
1091 3136 1144 3177 cnr
1164 3118 1304 3178 abrasum
1327 3120 1368 3180 sit
1389 3127 1419 3179 et

98 3227 195 3292 sponte
220 3225 307 3297 putet
333 3225 364 3276 et
389 3225 491 3276 narrat
518 3215 694 3275 Lactantius
723 3215 760 3275 de
787 3223 875 3274 mort.
904 3233 1019 3293 perseo.
1046 3235 1072 3275 c.
1093 3215 1147 3275 42:
1177 3219 1271 3277 eodem
1298 3230 1419 3296 ternpore

98 3315 216 3392 (scilicet
241 3327 314 3396 post
335 3318 456 3378 caedem
476 3317 652 3377 Maximiani
675 3315 802 3374 senioris
824 3335 851 3374 a
866 3336 896 3394 p.
912 3313 947 3376 C.
963 3315 1038 3392 310)
1064 3321 1141 3376 tenu
1162 3318 1339 3378 Maximiani
1358 3330 1418 3379 atu·

98 3429 155 3478 tace
171 3421 351 3480 Constantini
371 3423 452 3478 iustu
471 3419 679 3503 revellebantur
699 3426 727 3475 et
744 3420 892 3493 inopinae,
914 3417 1080 3493 ubicumque
1101 3416 1179 3494 (cod.
1201 3423 1339 3495 inopinae
1356 3438 1418 3479 cnm

98 3519 161 3596 qao)
178 3525 275 3598 picata
296 3531 377 3592 canet,
398 3519 635 3580 muniebantur:
655 3527 684 3578 et
698 3520 768 3595 qaia
781 3535 860 3577 33333
876 3519 956 3577 ambo
970 3519 1056 3577 timul
1064 3519 1232 3595 plerumque
1240 3523 1314 3597 picta·
1327 3529 1419 3592 nunt,

98 3629 121 3676 n
132 3625 267 3699 inopima
280 3622 367 3680 amal
379 3621 591 3698 deponebantur
604 3620 758 3679 amborum.
784 3617 886 3696 Itaque
900 3616 1005 3694 (immo
1018 3620 1116 3697 idque)
1131 3639 1193 3680 cam
1206 3622 1314 3681 uideret
1328 3619 1418 3697 (Dio-

98 3719 246 3800 cletianus)
266 3725 361 3794 uiuae,
383 3725 463 3799 quod
477 3723 553 3782 nulli
564 3739 699 3799 anquam
712 3724 914 3798 imperatorum
928 3722 1081 3792 occidam,
1101 3723 1275 3780 mnndum
1289 3723 1344 3782 sibi
1358 3742 1419 3784 tete

99 3821 218 3884 decrevit.
250 3823 353 3883 Etiam
368 3823 519 3884 Eusebius
535 3823 579 3884 aia
593 3822 752 3899 acribit¹):
769 3811 879 3905 πρώτου
894 3811 994 3879 τούτου
1010 3821 1214 3899 (Maximiani)
1229 3817 1282 3884 anic
1296 3814 1340 3883 inl
1354 3826 1420 3903 τιμῇ
1444 3815 1449 3824 ’

99 3918 209 4005 γραφὰς
231 3915 403 4010 α’νδριᾶντας
427 3947 459 3984 τε
483 3913 532 3983 acti
554 3918 610 3982 don
631 3926 750 3982 τοιαῦτα
771 3919 818 3979 e’n’
840 3912 979 3980 ἀναθέσει
1001 3913 1157 4014 νινξμιπαι
1179 3920 1217 3985 ὥς
1237 3916 1349 3982 dacrion
1370 3915 1419 3983 uni

100 4017 331 4092 dunculinn-reiron
356 4019 514 4110 καθῄρουν.
558 4027 602 4086 At
627 4025 665 4086 ad
687 4025 849 4084 Africanos
870 4023 974 4082 titulos
996 4025 1118 4100 proprie
1138 4026 1213 4085 haec
1233 4043 1294 4084 uon
1315 4044 1420 4102 perve-

100 4125 190 4200 uiuut3
210 4146 247 4188 3ο
269 4129 349 4189 3ιιίιιι
369 4135 502 4208 tempore
523 4146 584 4206 quo
599 4124 815 4186 Constantinus
830 4123 1009 4206 Maximiani
1030 4124 1160 4184 senioris
1182 4133 1298 4184 antuus
1315 4126 1420 4185 revelli

100 4223 189 4302 iussit,
210 4229 316 4289 Africa
336 4247 398 4288 nou
418 4231 479 4306 ipai
499 4231 633 4306 parebat,
656 4227 710 4286 sed
731 4234 783 4286 aut
804 4226 959 4285 Maxentio
980 4233 1032 4284 ant
1048 4225 1224 4284 Alexandro
1247 4225 1373 4302 (Zoaim.
1389 4223 1419 4298 2,

103 4327 213 4388 lala.
234 4330 297 4407 14).
340 4329 441 4389 Huius
467 4331 563 4408 ipsius
590 4328 758 4388 Alexandri
784 4329 871 4386 iussu
896 4326 1079 4386 Diocletiani
1106 4325 1280 4385 Maximiani
1303 4323 1420 4385 Galerii

101 4436 206 4490 statum
232 4432 369 4491 sublatas
396 4449 464 4492 esse
490 4431 599 4490 conicit
626 4431 770 4502 Rosaius,
803 4427 908 4488 Chlori
929 4428 1051 4487 relictas
1079 4435 1180 4504 utpote
1207 4435 1276 4485 ante
1301 4426 1420 4485 mortui.

102 4527 155 4589 Sed
175 4551 235 4592 non
257 4533 332 4592 satis
352 4533 545 4610 intellegitur,
567 4550 657 4608 quam
679 4531 718 4590 ob
739 4549 801 4589 rem
817 4530 991 4589 Alexander
1011 4538 1071 4588 tam
1094 4527 1211 4586 infenso
1233 4527 1333 4586 auimo
1354 4546 1421 4604 per·

102 4641 212 4693 3333133
240 4635 280 4693 sit
301 4635 496 4710 imperatores
518 4651 587 4704 eos,
615 4633 665 4709 qui
688 4641 740 4690 aut
761 4648 887 4708 regnare
909 4631 1070 4691 desiissent
1091 4636 1143 4688 aut
1165 4637 1244 4688 certe
1265 4646 1331 4687 curu
1355 4629 1422 4703 ipso

102 4749 157 4790 rem
182 4753 242 4794 uon
264 4735 415 4796 haberent.
459 4733 561 4809 Quare
580 4735 677 4812 magis
699 4733 875 4794 crediderim
898 4742 1064 4793 statuarum
1086 4750 1189 4790 earum
1210 4751 1264 4808 per
1285 4729 1419 4822 Africam
1475 4775 1482 4788 .

101 4887 297 4904 *Qun—-

173 4983 195 5046 ¹)
223 4987 291 5037 fflst.
310 4989 400 5038 333133.
421 4990 446 5049 8,
463 4989 496 5038 13
521 4988 662 5054 iisdemque
686 4989 740 5038 iero
760 4987 844 5038 verbis
869 4985 914 5036 rit.
934 4985 1024 5036 Conat.
1045 4987 1069 5046 1,
1084 4985 1127 5034 47.
1167 4981 1310 5033 Coninudit
1333 4985 1424 5030 auctor

102 5073 211 5138 inperite
234 5077 424 5129 Maximianum
446 5079 574 5130 seniorem
598 5086 624 5130 et
644 5079 818 5130 Maximinum
840 5078 955 5138 Dazam3
981 5075 1026 5126 aed
1051 5075 1084 5125 ad
1107 5073 1179 5124 illum
1204 5074 1332 5139 pertinere
1357 5084 1423 5135 quae

103 5173 231 5216 narrantur
249 5169 311 5218 eatis
329 5176 437 5220 constat.
475 5169 573 5222 Eadem
589 5171 717 5224 Licinium
735 5171 826 5223 1331333
845 5170 871 5221 in
891 5167 1006 5236 partibus
1025 5166 1139 5220 Orientis
1158 5165 1259 5217 devicto
1277 5161 1423 5215 Maximino

103 5253 153 5304 tuse
170 5267 288 5310 narratur
305 5261 364 5312 hist.
382 5260 444 5313 eccl.
464 5263 490 5325 9,
506 5263 548 5334 11.
