3546 5950
592 635 641 686 aa
660 634 805 688 urrvms
824 633 981 687 summa.
1378 618 1445 688 107

126 803 184 865 Sed
204 804 309 864 fuerit:
331 813 363 864 at
382 823 450 864 eum
472 823 568 882 neque
588 804 773 884 provinciam
794 805 1021 866 administrasse
1042 823 1138 882 neque
1157 807 1315 883 quicquam
1330 807 1449 880 iecisse,

126 925 176 965 cur
201 905 365 983 imperator
390 905 572 966 salutaretur
598 907 741 966 traditum
767 915 823 966 est.
866 907 907 965 Et
928 925 1125 984 quamquam,
1152 917 1184 968 ut
1204 915 1252 968 est
1272 908 1355 968 illius
1377 917 1447 968 tem·

125 1007 206 1083 poris
229 1007 373 1068 memoria
393 1008 511 1068 turbata
530 1015 620 1084 atque
640 1027 756 1079 manca,
778 1007 899 1067 minime
919 1009 951 1067 iu
973 1008 1147 1068 universum
1168 1009 1309 1087 colligere
1330 1010 1401 1069 licet
1418 1009 1449 1068 id

125 1107 204 1182 qnod
232 1125 380 1186 nusquam
407 1117 667 1183 commemoratur,
693 1128 753 1169 nou
778 1109 889 1183 fuisse,
917 1108 965 1168 hic
992 1117 1091 1170 tamen
1116 1127 1166 1170 res
1187 1111 1274 1170 aliter
1296 1129 1329 1170 se
1349 1111 1447 1170 habet.

125 1206 157 1269 Si
183 1210 264 1268 enim
290 1218 358 1268 ante
380 1207 484 1270 Sullae
505 1219 631 1270 mortem
654 1209 800 1271 Crassum
823 1211 901 1270 tituli
922 1212 1019 1272 nostri
1040 1229 1230 1288 quaeremus,
1258 1231 1294 1272 eo
1316 1221 1450 1288 tempore

126 1307 258 1369 Graecos
285 1310 432 1370 eiusmodi
456 1312 602 1370 honorum
624 1331 696 1390 erga
716 1313 869 1372 Romanos
891 1312 1013 1371 minime
1033 1313 1176 1390 prodigos
1195 1313 1289 1372 fuisse
1310 1312 1450 1372 memine-

126 1412 216 1470 rimus
244 1429 368 1471 uecesse
395 1419 451 1472 est
495 1412 532 1472 Id
560 1415 637 1472 enim
665 1431 737 1472 casu
764 1413 874 1473 factum
899 1431 989 1473 nemo
1008 1414 1139 1490 putabit,
1166 1415 1284 1474 ateius
1306 1414 1450 1492 temporis

126 1510 200 1570 tituli
227 1511 381 1571 honorarii
406 1513 610 1573 &manorum
635 1515 667 1573 in
694 1513 826 1575 Graecia
851 1515 928 1573 nulli
956 1521 1146 1574 servarentur
1171 1515 1229 1574 nisi
1256 1533 1372 1586 eorum,
1399 1514 1450 1590 qui

125 1630 189 1671 cum
211 1613 336 1672 summis
359 1612 544 1674 Graecorum
565 1616 655 1674 rebus
676 1615 914 1676 coniunctissimi
935 1623 1045 1688 esseut,
1066 1615 1157 1676 veluti
1176 1616 1214 1676 T.
1238 1615 1359 1690 Quincti
1381 1615 1451 1674 Fla·

126 1713 245 1786 minini,
273 1712 310 1787 Q.
333 1713 446 1774 Caecili
473 1715 589 1776 Metelli
609 1717 808 1788 Macedonici,
834 1715 872 1776 L.
895 1717 1019 1776 Mummi
1039 1717 1182 1790 Achaici,
1209 1716 1246 1777 L.
1268 1717 1366 1779 Licini
1387 1715 1450 1774 Lu·

125 1811 241 1890 culli.¹)
283 1814 398 1889 Quodsi
425 1818 465 1876 ad
489 1823 607 1893 tempus
633 1816 788 1878 Ciceronis
815 1817 1038 1891 descendimus,
1066 1839 1102 1878 eo
1129 1829 1262 1897 tempore
1286 1825 1387 1898 partes
1408 1819 1449 1878 M.

126 1913 229 1976 Crassi
249 1917 281 1974 in
302 1920 392 1977 rebus
413 1919 542 1996 publicis
564 1937 619 1980 eae
639 1919 767 1993 fuerunt,
789 1920 896 1979 utrix
916 1920 1082 1997 putandum
1104 1920 1158 1991 sit,
1181 1920 1310 1982 hominis
1333 1921 1361 1980 ei
1382 1937 1451 1997 eog-

126 2017 184 2075 nati
204 2020 380 2077 memoriam
401 2019 491 2094 plane
511 2020 711 2094 intercidisse,
733 2039 914 2097 quamquam
935 2021 1097 2097 proconsul
1118 2028 1148 2080 et
1161 2023 1323 2100 imperator
1336 2021 1450 2092 fuisset,

126 2119 299 2193 praesertim
321 2139 388 2178 eum
409 2121 483 2179 satis
506 2122 601 2180 multa
620 2121 657 2180 de
679 2121 768 2180 huius
790 2121 933 2198 temporis
955 2122 1125 2181 hominibus
1146 2123 1297 2182 nobilibus
1319 2123 1351 2180 iu
1365 2120 1450 2181 Cice·

126 2219 203 2278 ronis
226 2221 364 2297 epistolis
385 2229 415 2280 et
436 2222 509 2280 alibi
530 2231 651 2282 servata
672 2223 741 2282 siut.

205 2319 294 2394 Quae
323 2324 350 2380 si
370 2342 442 2382 vere
467 2322 619 2401 disputata
640 2332 724 2396 sunt,
748 2323 869 2396 titulus,
896 2323 933 2381 de
954 2342 1015 2401 quo
1036 2324 1167 2400 agimus,
1193 2325 1271 2383 iuter
1292 2341 1387 2382 anuos
1410 2324 1450 2382 30

126 2441 151 2480 a.
172 2419 245 2480 Chr.
273 2433 304 2482 et
329 2421 368 2482 22
389 2443 418 2500 p.
440 2422 511 2484 Chr.
541 2424 727 2500 compositus
756 2425 796 2485 sit
823 2443 947 2484 necesse
976 2432 1031 2483 est.
1081 2424 1131 2484 Ex
1159 2425 1204 2484 eis
1233 2443 1304 2484 vero
1332 2424 1450 2484 duobus

127 2520 257 2596 Crassis,
278 2524 330 2600 qui
350 2525 381 2584 in
402 2525 460 2584 hoc
480 2534 598 2604 tempus
619 2524 763 2598 incidunt,
786 2544 972 2602 quorumque
991 2533 1115 2603 uterque
1130 2525 1249 2586 Marcus
1263 2526 1358 2584 Marci
1372 2525 1451 2584 filius

125 2623 192 2697 fuit,
219 2634 295 2684 natu
320 2627 429 2699 minor,
454 2644 518 2687 cos.
542 2627 580 2686 14
599 2646 625 2688 a.
642 2626 714 2688 Chr.
737 2628 856 2687 nomine
877 2635 963 2686 tenus
985 2636 1075 2686 notus
1098 2637 1156 2686 est:
1185 2627 1301 2686 ateius
1324 2635 1450 2704 patrem,

126 2743 184 2784 cos.
207 2725 250 2784 30
267 2745 295 2784 n.
311 2725 399 2802 Cha,
426 2727 573 2787 triumviri
600 2737 752 2808 nepotem,
778 2746 838 2787 non
865 2728 964 2787 solum
992 2749 1031 2788 cx
1058 2729 1215 2789 consulatu
1241 2730 1451 2805 proconsulem

126 2825 318 2888 Macedoniae
332 2839 362 2888 et
374 2829 507 2890 Achaiae
528 2830 622 2890 fuisse
643 2839 771 2902 constat,
793 2830 847 2889 sed
867 2831 958 2890 etiam
978 2831 1010 2889 in
1032 2848 1068 2888 eo
1090 2831 1267 2908 magistratu
1288 2837 1388 2890 tantas
1402 2849 1451 2889 res

125 2930 322 3004 gessissent
343 2948 422 2989 anno
443 2951 470 2991 a.
487 2929 559 2991 Chr.
575 2931 612 2990 tt
636 2931 672 2990 de
687 2930 838 2992 Thraecia
858 2938 888 2990 et
910 2930 1014 2992 Getsis
1037 2931 1235 3010 triumpharet
1255 2931 1327 2991 sesti
1348 2931 1452 2991 trium·

126 3029 229 3105 phales
251 3029 392 3108 produnt.

206 3130 294 3204 Quos
316 3150 407 3209 quum
429 3134 473 3194 ita
492 3134 561 3208 sint,
583 3135 687 3194 titulus
709 3141 798 3212 aptus
819 3135 876 3192 erit
890 3134 933 3193 eis
953 3133 1135 3206 refellendis,
1157 3153 1233 3209 quae
1247 3132 1309 3192 Dio
1325 3130 1452 3193 Cassius

127 3231 175 3305 51,
190 3231 277 3307 36,2
299 3235 337 3294 de
357 3234 414 3294 hoc
436 3232 548 3295 Crasso
569 3235 675 3308 tradit3
702 3235 788 3295 cuius
809 3233 902 3294 verba
923 3234 996 3293 haec
1018 3243 1102 3293 sunt:
1128 3223 1176 3290 καὶ
1198 3225 1256 3315 ‘peip
1276 3220 1325 3288 uei
1346 3223 1452 3290 θυσίαι

126 3323 172 3390 nal
193 3332 335 3419 νικητήρια
355 3330 418 3413 οὐχ
437 3325 479 3394 dra
500 3337 542 3413 τῷ
561 3327 694 3420 Καίσαρι,
714 3328 792 3394 datr}
812 3323 861 3393 nui
882 3326 974 3410 dasium
995 3323 1167 3408 ἐψηφίσθη,
1189 3327 1221 3390 nd
1242 3322 1331 3402 με’ντοι
1351 3321 1399 3388 aad
1419 3325 1451 3390 τὲ

126 3436 177 3491 τοῦ
195 3426 401 3521 αὐτοκράτορος
421 3425 524 3505 ὄνομα,
551 3429 589 3499 oie
609 3427 643 3514 qi
664 3425 734 3498 raude
755 3447 860 3512 φασιν,
881 3425 1004 3503 ἔλαβεν,
1025 3428 1090 3492 ἀλλ’
1112 3428 1125 3491 d
1146 3435 1257 3516 Καῖσαρ
1278 3421 1361 3500 μένος
1381 3425 1451 3490 adrd

127 3527 289 3618 προέθετο.
331 3537 409 3597 Ειιιιι
437 3549 557 3599 secutus
583 3538 769 3615 Borghesius
796 3539 877 3596 Anu.
902 3537 972 3596 inst.
994 3535 1058 3595 XX
1079 3533 1191 3611 (1848)
1212 3555 1242 3612 p.
1258 3533 1318 3593 263
1346 3531 1453 3593 Crassi

128 3638 264 3716 exemplo
290 3641 419 3716 probare
444 3641 559 3714 studet,
585 3641 717 3718 Augusti
743 3648 840 3698 aetate
860 3638 980 3718 facilius
1001 3638 1095 3697 fuisse
1116 3637 1298 3713 triumphum
1321 3636 1453 3711 assequi,

129 3757 215 3814 quarn
236 3742 463 3817 imperatoriam
483 3742 701 3802 salutationem.
736 3741 831 3818 Atqui
849 3741 949 3818 possit
962 3740 1072 3817 aliquis
1088 3739 1197 3810 dicere,
1220 3738 1338 3796 obeam
1354 3738 1453 3814 ipsam

128 3857 265 3914 causam,
291 3843 373 3920 quod
394 3841 512 3902 Dionis·
526 3843 697 3903 testimonio
718 3850 851 3917 constet,
877 3843 1029 3902 consulem
1051 3840 1121 3900 anni
1137 3840 1177 3899 30
1192 3859 1218 3898 a.
1234 3837 1305 3899 Chr.
1326 3839 1453 3916 impera·

129 3947 221 4001 torem
247 3961 308 4002 non
332 3943 440 4018 fuisse,
470 3942 614 4004 Crassum
640 3944 720 4004 tituli
741 3944 836 4002 nostri
858 3945 950 4003 alium
972 3942 1137 4021 putandum
1157 3958 1235 4000 esse.
1280 3938 1348 4013 Qua
1368 3941 1400 3999 in
1420 3960 1453 3999 re

127 4025 159 4099 id
185 4043 305 4104 minime
333 4052 381 4103 est
405 4045 629 4124 negligendum,
658 4046 739 4123 quod
764 4045 826 4105 Dio
852 4045 919 4122 ipse
944 4045 1069 4104 vocibus
1097 4033 1140 4105 de
1166 4033 1205 4120 γέ
1229 4031 1319 4102 τινές
1344 4052 1453 4117 φασιν

129 4141 238 4202 additis
265 4144 415 4204 diversam
441 4146 479 4205 de
505 4166 543 4206 ea
567 4167 599 4207 re
620 4146 795 4206 memoriam
815 4146 911 4206 fuisse
931 4146 1050 4205 indicat.
1095 4144 1207 4219 Quidni
1229 4142 1319 4220 igitur
1340 4142 1361 4199 ii
1382 4160 1454 4199 vera

129 4244 297 4319 retulerint,
325 4266 403 4324 quos
424 4247 486 4308 Dio
511 4268 572 4307 non
593 4257 715 4308 secutus
737 4246 802 4306 est?
843 4247 989 4306 Fortasse
1009 4249 1101 4305 verba
1120 4239 1184 4302 ἀλλ’
1206 4241 1219 4300 ὅ
1241 4243 1354 4325 Καῖσαρ
1373 4231 1454 4310 μόνος

129 4338 197 4403 udrd
223 4337 378 4429 προέθετο
404 4350 552 4423 indicant,
583 4368 643 4408 non
669 4356 731 4408 tam
759 4348 938 4425 peculiarem
966 4349 1003 4407 ds
1032 4345 1145 4406 Crasso
1172 4343 1345 4404 memoriam
1373 4340 1453 4420 apud

131 4651 157 4688 a.
167 4639 229 4690 Chr.
252 4657 280 4692 se
303 4643 432 4707 accepisse
451 4641 520 4692 dieat
542 4639 674 4702 (,mema'ai
690 4639 755 4690 enim
772 4637 834 4689 maht
851 4653 958 4689 namra
976 4633 1134 4697 Muciam‘),
1151 4632 1180 4684 'si
1199 4649 1230 4683 eo
1250 4639 1365 4699 tempore
1382 4641 1455 4698 gesta

130 4737 206 4792 esset
226 4745 276 4796 quo
294 4734 350 4799 ipse
368 4729 645 4795 (antromacha)
664 4731 823 4796 trigesimum
841 4730 944 4780 tertium
963 4729 1055 4779 aetatis
1074 4741 1170 4778 annum
1189 4732 1276 4791 ageret
1293 4733 1319 4776 et
1337 4727 1454 4778 tribunus

131 4820 212 4884 plebis
231 4827 313 4874 esset?
349 4824 448 4876 Contra
466 4825 488 4874 ri
506 4839 548 4874 rea
565 4825 593 4874 in
612 4823 749 4889 pueritiam
766 4823 797 4873 1.
817 4822 905 4873 Crassi
923 4820 1026 4882 incidit,
1046 4819 1122 4870 facile
1140 4818 1299 4883 intelligitur,
1319 4833 1364 4868 cur
1382 4831 1453 4868 aoce-

131 4927 186 4962 rum
206 4921 335 4966 auctorem
353 4917 478 4966 nominet.

208 5001 233 5065 ¹)
258 5003 398 5057 Flaminini
422 5007 512 5058 titulus
530 5005 622 5071 Gythii
644 5006 762 5056 inventus
781 5005 811 5056 C.
829 5005 852 5056 1.
870 5003 917 5055 Gr.
938 5003 1018 5054 taes.
1055 5001 1098 5052 De
1122 5002 1213 5053 ceteris
1237 5001 1271 5051 cf.
1294 4998 1454 5050 HermeaVI

132 5109 157 5157 p.
168 5095 230 5145 140.
245 5097 304 5148 259.
332 5098 373 5148 Ex
386 5097 488 5149 Luculli
506 5097 588 5147 titulis
607 5103 675 5148 certa
688 5111 755 5148 unus
773 5087 847 5162 (Έψ.
861 5097 920 5157 tas,
935 5093 1055 5160 Hypatis)
1074 5093 1108 5144 ad
1124 5093 1176 5144 hoc
1193 5099 1292 5157 tempus
1304 5087 1453 5141 referendus

132 5191 183 5246 est,
209 5201 285 5250 quum
310 5189 337 5239 in
361 5204 393 5239 eo
416 5196 537 5254 quaestor
560 5189 668 5238 dicatur.
705 5187 792 5250 (Quas
816 5203 858 5238 rea
880 5188 908 5239 in
926 5187 976 5238 hoc
994 5187 1144 5252 magistratu
1163 5185 1191 5234 iu
1209 5181 1320 5236 Graecia
1336 5179 1451 5245 gesserit,

133 5276 190 5326 vice
209 5278 277 5342 apud
293 5279 482 5344 Drumannum,
501 5281 569 5331 Hist.
588 5279 664 5332 Rom
684 5280 723 5332 IV
742 5295 767 5344 p.
783 5277 854 5338 121.)
