<?xml version="1.0" encoding="UTF-8"?>
<!DOCTYPE html PUBLIC "-//W3C//DTD XHTML 1.0 Transitional//EN"
    "http://www.w3.org/TR/xhtml1/DTD/xhtml1-transitional.dtd">
<html xmlns="http://www.w3.org/1999/xhtml" xml:lang="en" lang="en">
 <head>
  <title>
</title>
<meta http-equiv="Content-Type" content="text/html;charset=utf-8" />
  <meta name='ocr-system' content='tesseract 3.04.00' />
  <meta name='ocr-capabilities' content='ocr_page ocr_carea ocr_par ocr_line ocrx_word'/>
</head>
<body>
  <div class='ocr_page' id='page_1' title='image "./ephemerisepigra19instgoog_0088.png"; bbox 0 0 3546 5950; ppageno 0'>
   <div class='ocr_carea' id='block_1_1' title="bbox 501 527 1426 601">
    <p class='ocr_par' dir='ltr' id='par_1_1' title="bbox 501 527 1426 601">
     <span class='ocr_line' id='line_1_1' title="bbox 501 527 1426 601; baseline 0.002 -4"><span class='ocrx_word' id='word_1_1' title='bbox 501 544 803 598; x_wconf 75' lang='lat' dir='ltr'><strong>ossuavamouus</strong></span> <span class='ocrx_word' id='word_1_2' title='bbox 821 545 940 598; x_wconf 79' lang='lat' dir='ltr'><strong>aurea.</strong></span> <span class='ocrx_word' id='word_1_3' title='bbox 960 546 1012 601; x_wconf 88' lang='lat' dir='ltr'><strong>nr.</strong></span> <span class='ocrx_word' id='word_1_4' title='bbox 1380 527 1399 598; x_wconf 84' lang='grc'><strong>7</strong></span> <span class='ocrx_word' id='word_1_5' title='bbox 1405 531 1426 600; x_wconf 87' lang='grc'><strong>5</strong></span> 
     </span>
    </p>
   </div>
   <div class='ocr_carea' id='block_1_2' title="bbox 203 719 1429 1241">
    <p class='ocr_par' dir='ltr' id='par_1_2' title="bbox 203 719 1429 1136">
     <span class='ocr_line' id='line_1_2' title="bbox 203 719 1100 785; baseline -0.002 -13"><span class='ocrx_word' id='word_1_6' title='bbox 203 720 303 772; x_wconf 83' lang='lat' dir='ltr'><strong>Romae</strong></span> <span class='ocrx_word' id='word_1_7' title='bbox 321 720 349 769; x_wconf 88' lang='lat' dir='ltr'><strong>iu</strong></span> <span class='ocrx_word' id='word_1_8' title='bbox 368 719 444 769; x_wconf 85' lang='lat' dir='ltr'><strong>vinea</strong></span> <span class='ocrx_word' id='word_1_9' title='bbox 462 720 594 784; x_wconf 87' lang='lat' dir='ltr'><strong>quondam</strong></span> <span class='ocrx_word' id='word_1_10' title='bbox 614 720 685 770; x_wconf 87' lang='lat' dir='ltr'><strong>eard.</strong></span> <span class='ocrx_word' id='word_1_11' title='bbox 706 721 782 784; x_wconf 82' lang='lat' dir='ltr'><strong>carp.</strong></span> <span class='ocrx_word' id='word_1_12' title='bbox 804 720 831 769; x_wconf 91' lang='lat' dir='ltr'><strong>in</strong></span> <span class='ocrx_word' id='word_1_13' title='bbox 851 733 980 770; x_wconf 81' lang='lat' dir='ltr'><strong>marmore</strong></span> <span class='ocrx_word' id='word_1_14' title='bbox 998 721 1100 785; x_wconf 59' lang='lat' dir='ltr'><strong>mandi.</strong></span> 
     </span>
     <span class='ocr_line' id='line_1_3' title="bbox 247 810 1427 878; baseline 0 -16"><span class='ocrx_word' id='word_1_15' title='bbox 247 813 313 877; x_wconf 85' lang='lat' dir='ltr'><strong>Imp.</strong></span> <span class='ocrx_word' id='word_1_16' title='bbox 333 811 407 862; x_wconf 83' lang='lat' dir='ltr'><strong>Caes.</strong></span> <span class='ocrx_word' id='word_1_17' title='bbox 427 810 479 860; x_wconf 81' lang='lat' dir='ltr'><strong>diri</strong></span> <span class='ocrx_word' id='word_1_18' title='bbox 498 810 625 861; x_wconf 83' lang='lat' dir='ltr'><strong>Hadriani</strong></span> <span class='ocrx_word' id='word_1_19' title='bbox 644 812 696 873; x_wconf 79' lang='lat' dir='ltr'><strong>fit,</strong></span> <span class='ocrx_word' id='word_1_20' title='bbox 716 812 770 860; x_wconf 83' lang='lat' dir='ltr'><strong>divi</strong></span> <span class='ocrx_word' id='word_1_21' title='bbox 789 812 899 863; x_wconf 84' lang='lat' dir='ltr'><strong>Traiani</strong></span> <span class='ocrx_word' id='word_1_22' title='bbox 917 812 1007 863; x_wconf 86' lang='lat' dir='ltr'><strong>Parth.</strong></span> <span class='ocrx_word' id='word_1_23' title='bbox 1027 827 1096 877; x_wconf 81' lang='lat' dir='ltr'><strong>nep,</strong></span> <span class='ocrx_word' id='word_1_24' title='bbox 1117 812 1170 862; x_wconf 84' lang='lat' dir='ltr'><strong>diri</strong></span> <span class='ocrx_word' id='word_1_25' title='bbox 1188 812 1291 863; x_wconf 85' lang='lat' dir='ltr'><strong>Nervae</strong></span> <span class='ocrx_word' id='word_1_26' title='bbox 1309 826 1427 878; x_wconf 89' lang='lat' dir='ltr'><strong>prouep.,</strong></span> 
     </span>
     <span class='ocr_line' id='line_1_4' title="bbox 248 902 1429 968; baseline 0.002 -15"><span class='ocrx_word' id='word_1_27' title='bbox 248 903 290 953; x_wconf 81' lang='lat' dir='ltr'><strong>Ti.</strong></span> <span class='ocrx_word' id='word_1_28' title='bbox 316 903 394 951; x_wconf 83' lang='lat' dir='ltr'><strong>Aelio</strong></span> <span class='ocrx_word' id='word_1_29' title='bbox 419 902 553 952; x_wconf 88' lang='lat' dir='ltr'><strong>Hadriano</strong></span> <span class='ocrx_word' id='word_1_30' title='bbox 573 902 709 954; x_wconf 83' lang='lat' dir='ltr'><strong>Antonino</strong></span> <span class='ocrx_word' id='word_1_31' title='bbox 728 903 798 966; x_wconf 75' lang='lat' dir='ltr'><strong>Aug.</strong></span> <span class='ocrx_word' id='word_1_32' title='bbox 817 903 865 952; x_wconf 90' lang='lat' dir='ltr'><strong>Pio</strong></span> <span class='ocrx_word' id='word_1_33' title='bbox 885 909 957 968; x_wconf 89' lang='lat' dir='ltr'><strong>pout.</strong></span> <span class='ocrx_word' id='word_1_34' title='bbox 981 917 1050 952; x_wconf 80' lang='lat' dir='ltr'><strong>max.</strong></span> <span class='ocrx_word' id='word_1_35' title='bbox 1077 903 1135 952; x_wconf 89' lang='lat' dir='ltr'><strong>trib.</strong></span> <span class='ocrx_word' id='word_1_36' title='bbox 1159 909 1213 968; x_wconf 88' lang='lat' dir='ltr'><strong>pot.</strong></span> <span class='ocrx_word' id='word_1_37' title='bbox 1233 904 1290 954; x_wconf 85' lang='lat'>1111</span> <span class='ocrx_word' id='word_1_38' title='bbox 1314 919 1366 954; x_wconf 89' lang='lat' dir='ltr'><strong>cos.</strong></span> <span class='ocrx_word' id='word_1_39' title='bbox 1386 904 1429 954; x_wconf 90' lang='lat'><strong>111</strong></span> 
     </span>
     <span class='ocr_line' id='line_1_5' title="bbox 248 992 1429 1060; baseline 0.003 -18"><span class='ocrx_word' id='word_1_40' title='bbox 248 1009 275 1058; x_wconf 92' lang='lat' dir='ltr'><strong>p.</strong></span> <span class='ocrx_word' id='word_1_41' title='bbox 294 1009 320 1058; x_wconf 85' lang='lat' dir='ltr'><strong>p.</strong></span> <span class='ocrx_word' id='word_1_42' title='bbox 345 992 378 1043; x_wconf 93' lang='lat' dir='ltr'><strong>ob</strong></span> <span class='ocrx_word' id='word_1_43' title='bbox 398 994 485 1057; x_wconf 80' lang='lat' dir='ltr'><strong>ampla</strong></span> <span class='ocrx_word' id='word_1_44' title='bbox 503 993 628 1043; x_wconf 81' lang='lat' dir='ltr'><strong>beneficia</strong></span> <span class='ocrx_word' id='word_1_45' title='bbox 646 994 679 1044; x_wconf 85' lang='lat' dir='ltr'><strong>ab</strong></span> <span class='ocrx_word' id='word_1_46' title='bbox 698 993 797 1059; x_wconf 90' lang='lat' dir='ltr'><strong>optimo</strong></span> <span class='ocrx_word' id='word_1_47' title='bbox 816 995 956 1060; x_wconf 83' lang='lat' dir='ltr'><strong>maximoq.</strong></span> <span class='ocrx_word' id='word_1_48' title='bbox 976 994 1091 1060; x_wconf 80' lang='lat' dir='ltr'><strong>principe</strong></span> <span class='ocrx_word' id='word_1_49' title='bbox 1110 995 1138 1044; x_wconf 90' lang='lat' dir='ltr'><strong>in</strong></span> <span class='ocrx_word' id='word_1_50' title='bbox 1157 1009 1184 1044; x_wconf 89' lang='lat' dir='ltr'><strong>se</strong></span> <span class='ocrx_word' id='word_1_51' title='bbox 1204 996 1309 1047; x_wconf 83' lang='lat' dir='ltr'><strong>conlata</strong></span> <span class='ocrx_word' id='word_1_52' title='bbox 1327 996 1429 1046; x_wconf 88' lang='lat' dir='ltr'><strong>colonia</strong></span> 
     </span>
     <span class='ocr_line' id='line_1_6' title="bbox 248 1084 606 1136; baseline -0.003 -1"><span class='ocrx_word' id='word_1_53' title='bbox 248 1085 328 1135; x_wconf 82' lang='lat' dir='ltr'><strong>Aelia</strong></span> <span class='ocrx_word' id='word_1_54' title='bbox 346 1084 446 1136; x_wconf 84' lang='lat' dir='ltr'><strong>Hadria</strong></span> <span class='ocrx_word' id='word_1_55' title='bbox 466 1119 561 1134; x_wconf 91' lang='grc'>......</span> <span class='ocrx_word' id='word_1_56' title='bbox 571 1101 606 1134; x_wconf 90' lang='lat' dir='ltr'><strong>uo</strong></span> 
     </span>
    </p>

    <p class='ocr_par' dir='ltr' id='par_1_3' title="bbox 204 1167 969 1241">
     <span class='ocr_line' id='line_1_7' title="bbox 204 1167 969 1241; baseline -0.004 -12"><span class='ocrx_word' id='word_1_57' title='bbox 204 1175 280 1229; x_wconf 82' lang='lat' dir='ltr'><strong>Grut.</strong></span> <span class='ocrx_word' id='word_1_58' title='bbox 296 1177 406 1239; x_wconf 60' lang='lat' dir='ltr'><strong>lilim</strong></span> <span class='ocrx_word' id='word_1_59' title='bbox 423 1167 479 1241; x_wconf 80' lang='lat' dir='ltr'><strong>‘per</strong></span> <span class='ocrx_word' id='word_1_60' title='bbox 498 1175 698 1227; x_wconf 74' lang='lat' dir='ltr'><strong>Guteusteninm</strong></span> <span class='ocrx_word' id='word_1_61' title='bbox 716 1175 824 1225; x_wconf 82' lang='lat' dir='ltr'><strong>Fulvius</strong></span> <span class='ocrx_word' id='word_1_62' title='bbox 842 1167 969 1226; x_wconf 83' lang='lat' dir='ltr'><strong>Ursinus&#39;.</strong></span> 
     </span>
    </p>
   </div>
   <div class='ocr_carea' id='block_1_3' title="bbox 203 1371 1428 1792">
    <p class='ocr_par' dir='ltr' id='par_1_4' title="bbox 203 1371 1428 1712">
     <span class='ocr_line' id='line_1_8' title="bbox 203 1371 704 1426; baseline -0.006 0"><span class='ocrx_word' id='word_1_63' title='bbox 203 1373 304 1426; x_wconf 81' lang='lat' dir='ltr'><strong>Romae</strong></span> <span class='ocrx_word' id='word_1_64' title='bbox 323 1373 351 1423; x_wconf 90' lang='lat' dir='ltr'><strong>in</strong></span> <span class='ocrx_word' id='word_1_65' title='bbox 370 1372 477 1423; x_wconf 84' lang='lat' dir='ltr'><strong>aedibus</strong></span> <span class='ocrx_word' id='word_1_66' title='bbox 495 1371 574 1424; x_wconf 83' lang='lat' dir='ltr'><strong>Marii</strong></span> <span class='ocrx_word' id='word_1_67' title='bbox 593 1374 704 1424; x_wconf 82' lang='lat' dir='ltr'><strong>Mellini.</strong></span> 
     </span>
     <span class='ocr_line' id='line_1_9' title="bbox 247 1463 1427 1518; baseline 0.002 -3"><span class='ocrx_word' id='word_1_68' title='bbox 247 1464 303 1516; x_wconf 90' lang='lat' dir='ltr'><strong>Pro</strong></span> <span class='ocrx_word' id='word_1_69' title='bbox 321 1465 403 1514; x_wconf 83' lang='lat' dir='ltr'><strong>saluta</strong></span> <span class='ocrx_word' id='word_1_70' title='bbox 414 1465 497 1515; x_wconf 88' lang='lat' dir='ltr'><strong>lullae</strong></span> <span class='ocrx_word' id='word_1_71' title='bbox 510 1465 639 1514; x_wconf 86' lang='lat' dir='ltr'><strong>Veneriae</strong></span> <span class='ocrx_word' id='word_1_72' title='bbox 657 1465 726 1515; x_wconf 85' lang='lat' dir='ltr'><strong>tiliae</strong></span> <span class='ocrx_word' id='word_1_73' title='bbox 744 1463 907 1514; x_wconf 85' lang='lat' dir='ltr'><strong>dulcissimae</strong></span> <span class='ocrx_word' id='word_1_74' title='bbox 925 1463 1033 1514; x_wconf 72' lang='lat' dir='ltr'><strong>deliciae</strong></span> <span class='ocrx_word' id='word_1_75' title='bbox 1052 1479 1113 1515; x_wconf 86' lang='lat' dir='ltr'><strong>suae</strong></span> <span class='ocrx_word' id='word_1_76' title='bbox 1132 1467 1255 1517; x_wconf 87' lang='lat' dir='ltr'><strong>tabellam</strong></span> <span class='ocrx_word' id='word_1_77' title='bbox 1275 1467 1341 1517; x_wconf 86' lang='lat' dir='ltr'><strong>banc</strong></span> <span class='ocrx_word' id='word_1_78' title='bbox 1360 1482 1427 1518; x_wconf 89' lang='lat' dir='ltr'><strong>mar·</strong></span> 
     </span>
     <span class='ocr_line' id='line_1_10' title="bbox 247 1555 1428 1622; baseline 0.004 -16"><span class='ocrx_word' id='word_1_79' title='bbox 247 1571 314 1606; x_wconf 90' lang='lat' dir='ltr'><strong>mor.</strong></span> <span class='ocrx_word' id='word_1_80' title='bbox 333 1571 391 1607; x_wconf 90' lang='lat' dir='ltr'><strong>cum</strong></span> <span class='ocrx_word' id='word_1_81' title='bbox 409 1556 483 1620; x_wconf 78' lang='lat' dir='ltr'><strong>signo</strong></span> <span class='ocrx_word' id='word_1_82' title='bbox 497 1556 637 1621; x_wconf 75' lang='lat' dir='ltr'><strong>Aesculapi</strong></span> <span class='ocrx_word' id='word_1_83' title='bbox 655 1556 682 1606; x_wconf 87' lang='lat' dir='ltr'><strong>in</strong></span> <span class='ocrx_word' id='word_1_84' title='bbox 696 1571 787 1606; x_wconf 86' lang='lat' dir='ltr'><strong>somno</strong></span> <span class='ocrx_word' id='word_1_85' title='bbox 800 1556 947 1606; x_wconf 87' lang='lat' dir='ltr'><strong>admonitus</strong></span> <span class='ocrx_word' id='word_1_86' title='bbox 959 1555 990 1606; x_wconf 86' lang='lat' dir='ltr'><strong>L.</strong></span> <span class='ocrx_word' id='word_1_87' title='bbox 1003 1556 1124 1607; x_wconf 86' lang='lat' dir='ltr'><strong>Valerius</strong></span> <span class='ocrx_word' id='word_1_88' title='bbox 1138 1557 1232 1622; x_wconf 85' lang='lat' dir='ltr'><strong>Capito</strong></span> <span class='ocrx_word' id='word_1_89' title='bbox 1246 1559 1304 1610; x_wconf 81' lang='lat' dir='ltr'><strong>aad.</strong></span> <span class='ocrx_word' id='word_1_90' title='bbox 1318 1573 1428 1610; x_wconf 70' lang='lat' dir='ltr'><strong>anm...</strong></span> 
     </span>
     <span class='ocr_line' id='line_1_11' title="bbox 248 1646 760 1712; baseline -0.004 -14"><span class='ocrx_word' id='word_1_91' title='bbox 248 1646 760 1712; x_wconf 62' lang='lat' dir='ltr'><strong>.m„mdaplmddd</strong></span> 
     </span>
    </p>

    <p class='ocr_par' dir='ltr' id='par_1_5' title="bbox 204 1728 850 1792">
     <span class='ocr_line' id='line_1_12' title="bbox 204 1728 850 1792; baseline -0.003 -2"><span class='ocrx_word' id='word_1_92' title='bbox 204 1737 282 1790; x_wconf 80' lang='lat' dir='ltr'><strong>Grut.</strong></span> <span class='ocrx_word' id='word_1_93' title='bbox 297 1740 377 1790; x_wconf 80' lang='lat'>1014.</span> <span class='ocrx_word' id='word_1_94' title='bbox 392 1738 408 1789; x_wconf 80' lang='lat'><strong>5</strong></span> <span class='ocrx_word' id='word_1_95' title='bbox 425 1730 618 1792; x_wconf 83' lang='lat' dir='ltr'><strong>‘Gutenstenius</strong></span> <span class='ocrx_word' id='word_1_96' title='bbox 637 1753 670 1788; x_wconf 84' lang='lat' dir='ltr'><strong>ex</strong></span> <span class='ocrx_word' id='word_1_97' title='bbox 688 1728 850 1790; x_wconf 81' lang='lat' dir='ltr'><strong>Ursinianis&#39;.</strong></span> 
     </span>
    </p>
   </div>
   <div class='ocr_carea' id='block_1_4' title="bbox 204 1936 1428 2274">
    <p class='ocr_par' dir='ltr' id='par_1_6' title="bbox 204 1936 1428 2186">
     <span class='ocr_line' id='line_1_13' title="bbox 204 1936 774 1990; baseline -0.005 -1"><span class='ocrx_word' id='word_1_98' title='bbox 204 1937 306 1990; x_wconf 85' lang='lat' dir='ltr'><strong>Romae</strong></span> <span class='ocrx_word' id='word_1_99' title='bbox 325 1937 353 1987; x_wconf 91' lang='lat' dir='ltr'><strong>iu</strong></span> <span class='ocrx_word' id='word_1_100' title='bbox 370 1937 477 1990; x_wconf 85' lang='lat' dir='ltr'><strong>aedibus</strong></span> <span class='ocrx_word' id='word_1_101' title='bbox 497 1936 616 1989; x_wconf 85' lang='lat' dir='ltr'><strong>Caesaris</strong></span> <span class='ocrx_word' id='word_1_102' title='bbox 635 1936 774 1988; x_wconf 82' lang='lat' dir='ltr'><strong>Albertini.</strong></span> 
     </span>
     <span class='ocr_line' id='line_1_14' title="bbox 246 2027 1428 2097; baseline 0.003 -18"><span class='ocrx_word' id='word_1_103' title='bbox 246 2029 356 2080; x_wconf 84' lang='lat' dir='ltr'><strong>Herculi</strong></span> <span class='ocrx_word' id='word_1_104' title='bbox 378 2028 494 2094; x_wconf 82' lang='lat' dir='ltr'><strong>pacifero</strong></span> <span class='ocrx_word' id='word_1_105' title='bbox 518 2034 544 2078; x_wconf 87' lang='lat' dir='ltr'><strong>et</strong></span> <span class='ocrx_word' id='word_1_106' title='bbox 565 2029 648 2078; x_wconf 86' lang='lat' dir='ltr'><strong>Musis</strong></span> <span class='ocrx_word' id='word_1_107' title='bbox 667 2029 697 2080; x_wconf 86' lang='lat' dir='ltr'><strong>L.</strong></span> <span class='ocrx_word' id='word_1_108' title='bbox 717 2027 780 2080; x_wconf 82' lang='lat' dir='ltr'><strong>Feb.</strong></span> <span class='ocrx_word' id='word_1_109' title='bbox 793 2028 947 2078; x_wconf 76' lang='lat' dir='ltr'><strong>Valerianus</strong></span> <span class='ocrx_word' id='word_1_110' title='bbox 972 2043 1011 2093; x_wconf 89' lang='lat' dir='ltr'><strong>pr.</strong></span> <span class='ocrx_word' id='word_1_111' title='bbox 1035 2043 1076 2093; x_wconf 89' lang='lat' dir='ltr'><strong>pr.</strong></span> <span class='ocrx_word' id='word_1_112' title='bbox 1099 2041 1173 2094; x_wconf 85' lang='lat' dir='ltr'><strong>prov.</strong></span> <span class='ocrx_word' id='word_1_113' title='bbox 1196 2028 1333 2093; x_wconf 82' lang='lat' dir='ltr'><strong>Gala...,</strong></span> <span class='ocrx_word' id='word_1_114' title='bbox 1358 2047 1428 2097; x_wconf 90' lang='lat' dir='ltr'><strong>proc.</strong></span> 
     </span>
     <span class='ocr_line' id='line_1_15' title="bbox 246 2119 1208 2186; baseline 0.001 -17"><span class='ocrx_word' id='word_1_115' title='bbox 246 2134 324 2186; x_wconf 82' lang='lat' dir='ltr'><strong>prov.</strong></span> <span class='ocrx_word' id='word_1_116' title='bbox 342 2119 464 2170; x_wconf 59' lang='lat' dir='ltr'><strong>Ain...</strong></span> <span class='ocrx_word' id='word_1_117' title='bbox 484 2120 575 2170; x_wconf 82' lang='lat' dir='ltr'><strong>ris...</strong></span> <span class='ocrx_word' id='word_1_118' title='bbox 594 2119 741 2170; x_wconf 85' lang='lat' dir='ltr'><strong>admonitus</strong></span> <span class='ocrx_word' id='word_1_119' title='bbox 759 2151 822 2171; x_wconf 84' lang='lat'><strong>....</strong></span> <span class='ocrx_word' id='word_1_120' title='bbox 842 2119 944 2170; x_wconf 85' lang='lat' dir='ltr'><strong>rediens</strong></span> <span class='ocrx_word' id='word_1_121' title='bbox 963 2135 989 2168; x_wconf 85' lang='lat' dir='ltr'><strong>v.</strong></span> <span class='ocrx_word' id='word_1_122' title='bbox 1008 2134 1028 2170; x_wconf 91' lang='lat' dir='ltr'><strong>s.</strong></span> <span class='ocrx_word' id='word_1_123' title='bbox 1049 2119 1074 2168; x_wconf 91' lang='lat' dir='ltr'><strong>d.</strong></span> <span class='ocrx_word' id='word_1_124' title='bbox 1095 2121 1152 2170; x_wconf 89' lang='lat' dir='ltr'><strong>s.&#39;l.</strong></span> <span class='ocrx_word' id='word_1_125' title='bbox 1173 2135 1208 2170; x_wconf 87' lang='lat' dir='ltr'><strong>m.</strong></span> 
     </span>
    </p>

    <p class='ocr_par' dir='ltr' id='par_1_7' title="bbox 205 2200 855 2274">
     <span class='ocr_line' id='line_1_16' title="bbox 205 2200 855 2274; baseline -0.005 -11"><span class='ocrx_word' id='word_1_126' title='bbox 205 2209 284 2263; x_wconf 79' lang='lat' dir='ltr'><strong>Grnt.</strong></span> <span class='ocrx_word' id='word_1_127' title='bbox 299 2211 378 2274; x_wconf 82' lang='lat'>101³,</span> <span class='ocrx_word' id='word_1_128' title='bbox 393 2213 411 2262; x_wconf 79' lang='lat'>4</span> <span class='ocrx_word' id='word_1_129' title='bbox 428 2200 622 2262; x_wconf 81' lang='lat' dir='ltr'><strong>‘Gutenstenius</strong></span> <span class='ocrx_word' id='word_1_130' title='bbox 641 2225 674 2260; x_wconf 86' lang='lat' dir='ltr'><strong>ex</strong></span> <span class='ocrx_word' id='word_1_131' title='bbox 692 2201 855 2262; x_wconf 86' lang='lat' dir='ltr'><strong>Ursinianis’.</strong></span> 
     </span>
    </p>
   </div>
   <div class='ocr_carea' id='block_1_5' title="bbox 106 2482 1497 4890">
    <p class='ocr_par' dir='ltr' id='par_1_8' title="bbox 106 2482 1497 4890">
     <span class='ocr_line' id='line_1_17' title="bbox 180 2482 1430 2561; baseline 0 -16"><span class='ocrx_word' id='word_1_132' title='bbox 180 2483 336 2545; x_wconf 86' lang='lat' dir='ltr'><strong>Summam</strong></span> <span class='ocrx_word' id='word_1_133' title='bbox 362 2484 574 2561; x_wconf 75' lang='lat' dir='ltr'><strong>disputationis</strong></span> <span class='ocrx_word' id='word_1_134' title='bbox 600 2492 633 2543; x_wconf 91' lang='lat' dir='ltr'><strong>ut</strong></span> <span class='ocrx_word' id='word_1_135' title='bbox 657 2484 762 2560; x_wconf 84' lang='lat' dir='ltr'><strong>paucis</strong></span> <span class='ocrx_word' id='word_1_136' title='bbox 785 2482 884 2543; x_wconf 86' lang='lat' dir='ltr'><strong>verbis</strong></span> <span class='ocrx_word' id='word_1_137' title='bbox 910 2483 1102 2561; x_wconf 86' lang='lat' dir='ltr'><strong>complectar,</strong></span> <span class='ocrx_word' id='word_1_138' title='bbox 1129 2504 1196 2543; x_wconf 91' lang='lat' dir='ltr'><strong>cum</strong></span> <span class='ocrx_word' id='word_1_139' title='bbox 1218 2485 1330 2544; x_wconf 91' lang='lat' dir='ltr'><strong>dudum</strong></span> <span class='ocrx_word' id='word_1_140' title='bbox 1352 2486 1430 2546; x_wconf 87' lang='lat' dir='ltr'><strong>diiii-</strong></span> 
     </span>
     <span class='ocr_line' id='line_1_18' title="bbox 106 2583 1431 2664; baseline 0.004 -21"><span class='ocrx_word' id='word_1_141' title='bbox 106 2585 168 2645; x_wconf 85' lang='lat' dir='ltr'><strong>dere</strong></span> <span class='ocrx_word' id='word_1_142' title='bbox 188 2585 382 2648; x_wconf 77' lang='lat' dir='ltr'><strong>didicerimus</strong></span> <span class='ocrx_word' id='word_1_143' title='bbox 403 2585 442 2645; x_wconf 90' lang='lat' dir='ltr'><strong>iis</strong></span> <span class='ocrx_word' id='word_1_144' title='bbox 464 2604 542 2661; x_wconf 87' lang='lat' dir='ltr'><strong>quae</strong></span> <span class='ocrx_word' id='word_1_145' title='bbox 556 2585 635 2662; x_wconf 90' lang='lat' dir='ltr'><strong>apud</strong></span> <span class='ocrx_word' id='word_1_146' title='bbox 652 2583 816 2645; x_wconf 84' lang='lat' dir='ltr'><strong>Gruterum</strong></span> <span class='ocrx_word' id='word_1_147' title='bbox 829 2585 971 2664; x_wconf 88' lang='lat' dir='ltr'><strong>leguntur</strong></span> <span class='ocrx_word' id='word_1_148' title='bbox 985 2586 1156 2645; x_wconf 86' lang='lat' dir='ltr'><strong>auctoribus</strong></span> <span class='ocrx_word' id='word_1_149' title='bbox 1171 2585 1301 2645; x_wconf 84' lang='lat' dir='ltr'><strong>laudatis</strong></span> <span class='ocrx_word' id='word_1_150' title='bbox 1316 2585 1431 2648; x_wconf 88' lang='lat' dir='ltr'><strong>Guten·</strong></span> 
     </span>
     <span class='ocr_line' id='line_1_19' title="bbox 106 2684 1434 2763; baseline 0.004 -19"><span class='ocrx_word' id='word_1_151' title='bbox 106 2686 194 2745; x_wconf 87' lang='lat' dir='ltr'><strong>steuio</strong></span> <span class='ocrx_word' id='word_1_152' title='bbox 215 2687 340 2748; x_wconf 86' lang='lat' dir='ltr'><strong>Metello</strong></span> <span class='ocrx_word' id='word_1_153' title='bbox 361 2684 493 2760; x_wconf 86' lang='lat' dir='ltr'><strong>Ursino,</strong></span> <span class='ocrx_word' id='word_1_154' title='bbox 522 2688 582 2745; x_wconf 87' lang='lat' dir='ltr'><strong>iam</strong></span> <span class='ocrx_word' id='word_1_155' title='bbox 610 2686 809 2746; x_wconf 78' lang='lat' dir='ltr'><strong>stabilivimus</strong></span> <span class='ocrx_word' id='word_1_156' title='bbox 834 2705 853 2746; x_wconf 80' lang='lat' dir='ltr'><strong>a</strong></span> <span class='ocrx_word' id='word_1_157' title='bbox 875 2684 1074 2746; x_wconf 88' lang='lat' dir='ltr'><strong>Guteusteuio</strong></span> <span class='ocrx_word' id='word_1_158' title='bbox 1095 2687 1162 2746; x_wconf 85' lang='lat' dir='ltr'><strong>visa</strong></span> <span class='ocrx_word' id='word_1_159' title='bbox 1189 2706 1267 2763; x_wconf 86' lang='lat' dir='ltr'><strong>quae</strong></span> <span class='ocrx_word' id='word_1_160' title='bbox 1294 2687 1434 2749; x_wconf 86' lang='lat' dir='ltr'><strong>dicuntur</strong></span> 
     </span>
     <span class='ocr_line' id='line_1_20' title="bbox 108 2787 1431 2865; baseline 0.006 -23"><span class='ocrx_word' id='word_1_161' title='bbox 108 2795 164 2845; x_wconf 88' lang='lat' dir='ltr'><strong>tum</strong></span> <span class='ocrx_word' id='word_1_162' title='bbox 188 2789 358 2848; x_wconf 88' lang='lat' dir='ltr'><strong>damnanda</strong></span> <span class='ocrx_word' id='word_1_163' title='bbox 383 2805 468 2859; x_wconf 87' lang='lat' dir='ltr'><strong>esse,</strong></span> <span class='ocrx_word' id='word_1_164' title='bbox 497 2807 563 2847; x_wconf 85' lang='lat' dir='ltr'><strong>eum</strong></span> <span class='ocrx_word' id='word_1_165' title='bbox 592 2787 734 2865; x_wconf 85' lang='lat' dir='ltr'><strong>descripti</strong></span> <span class='ocrx_word' id='word_1_166' title='bbox 762 2805 829 2847; x_wconf 87' lang='lat' dir='ltr'><strong>esse</strong></span> <span class='ocrx_word' id='word_1_167' title='bbox 857 2787 996 2847; x_wconf 88' lang='lat' dir='ltr'><strong>dicuntur</strong></span> <span class='ocrx_word' id='word_1_168' title='bbox 1021 2807 1060 2847; x_wconf 89' lang='lat' dir='ltr'><strong>ex</strong></span> <span class='ocrx_word' id='word_1_169' title='bbox 1088 2787 1239 2864; x_wconf 88' lang='lat' dir='ltr'><strong>lapidibus</strong></span> <span class='ocrx_word' id='word_1_170' title='bbox 1267 2788 1306 2847; x_wconf 85' lang='lat' dir='ltr'><strong>ad</strong></span> <span class='ocrx_word' id='word_1_171' title='bbox 1327 2807 1431 2850; x_wconf 88' lang='lat' dir='ltr'><strong>secan-</strong></span> 
     </span>
     <span class='ocr_line' id='line_1_21' title="bbox 109 2886 1433 2968; baseline 0.005 -23"><span class='ocrx_word' id='word_1_172' title='bbox 109 2886 172 2946; x_wconf 91' lang='lat' dir='ltr'><strong>dum</strong></span> <span class='ocrx_word' id='word_1_173' title='bbox 195 2890 368 2962; x_wconf 86' lang='lat' dir='ltr'><strong>destinatis;</strong></span> <span class='ocrx_word' id='word_1_174' title='bbox 394 2888 569 2949; x_wconf 86' lang='lat' dir='ltr'><strong>Metelliana</strong></span> <span class='ocrx_word' id='word_1_175' title='bbox 593 2889 742 2968; x_wconf 81' lang='lat' dir='ltr'><strong>exigenda</strong></span> <span class='ocrx_word' id='word_1_176' title='bbox 766 2907 834 2948; x_wconf 88' lang='lat' dir='ltr'><strong>esse</strong></span> <span class='ocrx_word' id='word_1_177' title='bbox 859 2888 899 2946; x_wconf 88' lang='lat' dir='ltr'><strong>ad</strong></span> <span class='ocrx_word' id='word_1_178' title='bbox 921 2889 1048 2948; x_wconf 83' lang='lat' dir='ltr'><strong>schedas</strong></span> <span class='ocrx_word' id='word_1_179' title='bbox 1074 2889 1187 2948; x_wconf 86' lang='lat' dir='ltr'><strong>Metelli</strong></span> <span class='ocrx_word' id='word_1_180' title='bbox 1209 2890 1306 2949; x_wconf 88' lang='lat' dir='ltr'><strong>adhue</strong></span> <span class='ocrx_word' id='word_1_181' title='bbox 1328 2909 1433 2968; x_wconf 87' lang='lat' dir='ltr'><strong>super-</strong></span> 
     </span>
     <span class='ocr_line' id='line_1_22' title="bbox 110 2989 1433 3068; baseline 0.004 -21"><span class='ocrx_word' id='word_1_182' title='bbox 110 2990 187 3049; x_wconf 86' lang='lat' dir='ltr'><strong>stites</strong></span> <span class='ocrx_word' id='word_1_183' title='bbox 212 3001 242 3050; x_wconf 88' lang='lat' dir='ltr'><strong>et</strong></span> <span class='ocrx_word' id='word_1_184' title='bbox 266 2989 415 3068; x_wconf 92' lang='lat' dir='ltr'><strong>quidquid</strong></span> <span class='ocrx_word' id='word_1_185' title='bbox 442 2991 485 3051; x_wconf 92' lang='lat' dir='ltr'><strong>ibi</strong></span> <span class='ocrx_word' id='word_1_186' title='bbox 513 2990 601 3049; x_wconf 87' lang='lat' dir='ltr'><strong>aliter</strong></span> <span class='ocrx_word' id='word_1_187' title='bbox 629 2999 678 3049; x_wconf 90' lang='lat' dir='ltr'><strong>est</strong></span> <span class='ocrx_word' id='word_1_188' title='bbox 702 2990 752 3048; x_wconf 85' lang='lat' dir='ltr'><strong>vel</strong></span> <span class='ocrx_word' id='word_1_189' title='bbox 781 2990 818 3048; x_wconf 89' lang='lat' dir='ltr'><strong>ab</strong></span> <span class='ocrx_word' id='word_1_190' title='bbox 846 2990 884 3048; x_wconf 87' lang='lat' dir='ltr'><strong>iia</strong></span> <span class='ocrx_word' id='word_1_191' title='bbox 913 2992 1012 3065; x_wconf 88' lang='lat' dir='ltr'><strong>abest,</strong></span> <span class='ocrx_word' id='word_1_192' title='bbox 1042 2990 1244 3062; x_wconf 68' lang='lat' dir='ltr'><strong>abiciendum</strong></span> <span class='ocrx_word' id='word_1_193' title='bbox 1270 2991 1433 3052; x_wconf 90' lang='lat' dir='ltr'><strong>Ursiniaua</strong></span> 
     </span>
     <span class='ocr_line' id='line_1_23' title="bbox 109 3089 1433 3171; baseline 0.004 -23"><span class='ocrx_word' id='word_1_194' title='bbox 109 3089 228 3168; x_wconf 85' lang='lat' dir='ltr'><strong>denique</strong></span> <span class='ocrx_word' id='word_1_195' title='bbox 251 3113 309 3171; x_wconf 86' lang='lat' dir='ltr'><strong>per</strong></span> <span class='ocrx_word' id='word_1_196' title='bbox 331 3091 563 3153; x_wconf 87' lang='lat' dir='ltr'><strong>Gutenstenium</strong></span> <span class='ocrx_word' id='word_1_197' title='bbox 589 3089 719 3151; x_wconf 83' lang='lat' dir='ltr'><strong>Grutero</strong></span> <span class='ocrx_word' id='word_1_198' title='bbox 741 3091 833 3149; x_wconf 89' lang='lat' dir='ltr'><strong>missa</strong></span> <span class='ocrx_word' id='word_1_199' title='bbox 855 3100 996 3168; x_wconf 89' lang='lat' dir='ltr'><strong>suspecta</strong></span> <span class='ocrx_word' id='word_1_200' title='bbox 1016 3109 1084 3150; x_wconf 86' lang='lat' dir='ltr'><strong>esse</strong></span> <span class='ocrx_word' id='word_1_201' title='bbox 1105 3092 1206 3151; x_wconf 87' lang='lat' dir='ltr'><strong>omnia</strong></span> <span class='ocrx_word' id='word_1_202' title='bbox 1226 3101 1256 3150; x_wconf 93' lang='lat' dir='ltr'><strong>et</strong></span> <span class='ocrx_word' id='word_1_203' title='bbox 1277 3090 1433 3153; x_wconf 74' lang='lat' dir='ltr'><strong>adsertore</strong></span> 
     </span>
     <span class='ocr_line' id='line_1_24' title="bbox 109 3190 1434 3269; baseline 0.005 -22"><span class='ocrx_word' id='word_1_204' title='bbox 109 3190 208 3251; x_wconf 89' lang='lat' dir='ltr'><strong>idoueo</strong></span> <span class='ocrx_word' id='word_1_205' title='bbox 227 3193 384 3253; x_wconf 87' lang='lat' dir='ltr'><strong>deficiente</strong></span> <span class='ocrx_word' id='word_1_206' title='bbox 406 3213 445 3252; x_wconf 87' lang='lat' dir='ltr'><strong>ex</strong></span> <span class='ocrx_word' id='word_1_207' title='bbox 467 3193 619 3251; x_wconf 88' lang='lat' dir='ltr'><strong>titulorum</strong></span> <span class='ocrx_word' id='word_1_208' title='bbox 641 3193 834 3269; x_wconf 78' lang='lat' dir='ltr'><strong>probatorum</strong></span> <span class='ocrx_word' id='word_1_209' title='bbox 856 3211 980 3252; x_wconf 86' lang='lat' dir='ltr'><strong>numero</strong></span> <span class='ocrx_word' id='word_1_210' title='bbox 1001 3192 1169 3252; x_wconf 88' lang='lat' dir='ltr'><strong>eximenda.</strong></span> <span class='ocrx_word' id='word_1_211' title='bbox 1204 3192 1289 3252; x_wconf 92' lang='lat' dir='ltr'><strong>Idem</strong></span> <span class='ocrx_word' id='word_1_212' title='bbox 1304 3193 1434 3268; x_wconf 88' lang='lat' dir='ltr'><strong>pertinet</strong></span> 
     </span>
     <span class='ocr_line' id='line_1_25' title="bbox 109 3291 1433 3371; baseline 0.002 -22"><span class='ocrx_word' id='word_1_213' title='bbox 109 3293 247 3352; x_wconf 88' lang='lat' dir='ltr'><strong>etiamad</strong></span> <span class='ocrx_word' id='word_1_214' title='bbox 270 3313 407 3371; x_wconf 81' lang='lat' dir='ltr'><strong>eaquae</strong></span> <span class='ocrx_word' id='word_1_215' title='bbox 429 3301 638 3371; x_wconf 89' lang='lat' dir='ltr'><strong>proponuntur</strong></span> <span class='ocrx_word' id='word_1_216' title='bbox 660 3293 740 3371; x_wconf 92' lang='lat' dir='ltr'><strong>apud</strong></span> <span class='ocrx_word' id='word_1_217' title='bbox 762 3291 1001 3353; x_wconf 82' lang='lat' dir='ltr'><strong>Gruterum-sub</strong></span> <span class='ocrx_word' id='word_1_218' title='bbox 1022 3293 1117 3351; x_wconf 85' lang='lat' dir='ltr'><strong>altero</strong></span> <span class='ocrx_word' id='word_1_219' title='bbox 1139 3301 1207 3351; x_wconf 90' lang='lat' dir='ltr'><strong>utro</strong></span> <span class='ocrx_word' id='word_1_220' title='bbox 1230 3295 1294 3352; x_wconf 85' lang='lat' dir='ltr'><strong>sive</strong></span> <span class='ocrx_word' id='word_1_221' title='bbox 1317 3291 1433 3352; x_wconf 88' lang='lat' dir='ltr'><strong>Guten-</strong></span> 
     </span>
     <span class='ocr_line' id='line_1_26' title="bbox 111 3394 1433 3470; baseline 0.001 -19"><span class='ocrx_word' id='word_1_222' title='bbox 111 3395 190 3452; x_wconf 88' lang='lat' dir='ltr'><strong>stenii</strong></span> <span class='ocrx_word' id='word_1_223' title='bbox 210 3396 273 3455; x_wconf 79' lang='lat' dir='ltr'><strong>sive</strong></span> <span class='ocrx_word' id='word_1_224' title='bbox 295 3395 401 3456; x_wconf 89' lang='lat' dir='ltr'><strong>Ursini</strong></span> <span class='ocrx_word' id='word_1_225' title='bbox 422 3396 556 3466; x_wconf 82' lang='lat' dir='ltr'><strong>nomine3</strong></span> <span class='ocrx_word' id='word_1_226' title='bbox 579 3413 648 3453; x_wconf 88' lang='lat' dir='ltr'><strong>nam</strong></span> <span class='ocrx_word' id='word_1_227' title='bbox 669 3395 745 3453; x_wconf 86' lang='lat' dir='ltr'><strong>haec</strong></span> <span class='ocrx_word' id='word_1_228' title='bbox 767 3411 885 3470; x_wconf 89' lang='lat' dir='ltr'><strong>quoque</strong></span> <span class='ocrx_word' id='word_1_229' title='bbox 906 3413 945 3452; x_wconf 87' lang='lat' dir='ltr'><strong>ex</strong></span> <span class='ocrx_word' id='word_1_230' title='bbox 966 3395 1055 3452; x_wconf 87' lang='lat' dir='ltr'><strong>trium</strong></span> <span class='ocrx_word' id='word_1_231' title='bbox 1077 3394 1197 3453; x_wconf 89' lang='lat' dir='ltr'><strong>illorum</strong></span> <span class='ocrx_word' id='word_1_232' title='bbox 1219 3395 1357 3453; x_wconf 89' lang='lat' dir='ltr'><strong>ordinum</strong></span> <span class='ocrx_word' id='word_1_233' title='bbox 1379 3394 1433 3453; x_wconf 89' lang='lat' dir='ltr'><strong>ali·</strong></span> 
     </span>
     <span class='ocr_line' id='line_1_27' title="bbox 110 3494 1434 3574; baseline 0.002 -23"><span class='ocrx_word' id='word_1_234' title='bbox 110 3512 163 3570; x_wconf 88' lang='lat' dir='ltr'><strong>quo</strong></span> <span class='ocrx_word' id='word_1_235' title='bbox 187 3506 238 3555; x_wconf 88' lang='lat' dir='ltr'><strong>aut</strong></span> <span class='ocrx_word' id='word_1_236' title='bbox 258 3507 330 3557; x_wconf 90' lang='lat' dir='ltr'><strong>sunt</strong></span> <span class='ocrx_word' id='word_1_237' title='bbox 349 3503 401 3556; x_wconf 85' lang='lat' dir='ltr'><strong>aut</strong></span> <span class='ocrx_word' id='word_1_238' title='bbox 421 3515 489 3556; x_wconf 88' lang='lat' dir='ltr'><strong>esse</strong></span> <span class='ocrx_word' id='word_1_239' title='bbox 510 3504 645 3574; x_wconf 87' lang='lat' dir='ltr'><strong>possunt.</strong></span> <span class='ocrx_word' id='word_1_240' title='bbox 689 3496 865 3572; x_wconf 83' lang='lat' dir='ltr'><strong>Proprietas</strong></span> <span class='ocrx_word' id='word_1_241' title='bbox 886 3494 1013 3571; x_wconf 89' lang='lat' dir='ltr'><strong>denique</strong></span> <span class='ocrx_word' id='word_1_242' title='bbox 1033 3494 1147 3553; x_wconf 88' lang='lat' dir='ltr'><strong>fraudis</strong></span> <span class='ocrx_word' id='word_1_243' title='bbox 1168 3495 1259 3554; x_wconf 89' lang='lat' dir='ltr'><strong>huius</strong></span> <span class='ocrx_word' id='word_1_244' title='bbox 1280 3513 1320 3554; x_wconf 84' lang='lat' dir='ltr'><strong>ex</strong></span> <span class='ocrx_word' id='word_1_245' title='bbox 1342 3513 1434 3574; x_wconf 86' lang='lat' dir='ltr'><strong>supra</strong></span> 
     </span>
     <span class='ocr_line' id='line_1_28' title="bbox 110 3595 1432 3676; baseline 0.004 -25"><span class='ocrx_word' id='word_1_246' title='bbox 110 3595 201 3656; x_wconf 87' lang='lat' dir='ltr'><strong>allatis</strong></span> <span class='ocrx_word' id='word_1_247' title='bbox 220 3599 369 3676; x_wconf 86' lang='lat' dir='ltr'><strong>exemplis</strong></span> <span class='ocrx_word' id='word_1_248' title='bbox 390 3597 480 3660; x_wconf 86' lang='lat' dir='ltr'><strong>facile</strong></span> <span class='ocrx_word' id='word_1_249' title='bbox 501 3596 749 3674; x_wconf 88' lang='lat' dir='ltr'><strong>deprehendenda</strong></span> <span class='ocrx_word' id='word_1_250' title='bbox 769 3616 806 3656; x_wconf 88' lang='lat' dir='ltr'><strong>ea</strong></span> <span class='ocrx_word' id='word_1_251' title='bbox 827 3603 887 3669; x_wconf 88' lang='lat' dir='ltr'><strong>est,</strong></span> <span class='ocrx_word' id='word_1_252' title='bbox 913 3605 1027 3654; x_wconf 89' lang='lat' dir='ltr'><strong>utnon</strong></span> <span class='ocrx_word' id='word_1_253' title='bbox 1048 3614 1117 3654; x_wconf 88' lang='lat' dir='ltr'><strong>raro</strong></span> <span class='ocrx_word' id='word_1_254' title='bbox 1137 3596 1206 3672; x_wconf 90' lang='lat' dir='ltr'><strong>ipsa</strong></span> <span class='ocrx_word' id='word_1_255' title='bbox 1227 3615 1259 3656; x_wconf 88' lang='lat' dir='ltr'><strong>se</strong></span> <span class='ocrx_word' id='word_1_256' title='bbox 1280 3606 1432 3676; x_wconf 82' lang='lat' dir='ltr'><strong>coarguat.</strong></span> 
     </span>
     <span class='ocr_line' id='line_1_29' title="bbox 111 3695 1485 3777; baseline 0.002 -24"><span class='ocrx_word' id='word_1_257' title='bbox 111 3695 265 3775; x_wconf 88' lang='lat' dir='ltr'><strong>Interpolat</strong></span> <span class='ocrx_word' id='word_1_258' title='bbox 287 3698 507 3759; x_wconf 83' lang='lat' dir='ltr'><strong>Gutenstenius</strong></span> <span class='ocrx_word' id='word_1_259' title='bbox 529 3698 654 3777; x_wconf 87' lang='lat' dir='ltr'><strong>passim,</strong></span> <span class='ocrx_word' id='word_1_260' title='bbox 675 3700 772 3757; x_wconf 83' lang='lat' dir='ltr'><strong>rarius</strong></span> <span class='ocrx_word' id='word_1_261' title='bbox 793 3697 943 3773; x_wconf 84' lang='lat' dir='ltr'><strong>confingit.</strong></span> <span class='ocrx_word' id='word_1_262' title='bbox 986 3695 1098 3755; x_wconf 90' lang='lat' dir='ltr'><strong>Titulis</strong></span> <span class='ocrx_word' id='word_1_263' title='bbox 1121 3697 1260 3774; x_wconf 83' lang='lat' dir='ltr'><strong>genuinis</strong></span> <span class='ocrx_word' id='word_1_264' title='bbox 1281 3716 1342 3756; x_wconf 89' lang='lat' dir='ltr'><strong>non</strong></span> <span class='ocrx_word' id='word_1_265' title='bbox 1362 3715 1432 3756; x_wconf 89' lang='lat' dir='ltr'><strong>raro</strong></span> <span class='ocrx_word' id='word_1_266' title='bbox 1478 3717 1485 3731; x_wconf 77' lang='grc'>’</span> 
     </span>
     <span class='ocr_line' id='line_1_30' title="bbox 112 3797 1432 3880; baseline 0.003 -25"><span class='ocrx_word' id='word_1_267' title='bbox 112 3797 188 3857; x_wconf 83' lang='lat' dir='ltr'><strong>addit</strong></span> <span class='ocrx_word' id='word_1_268' title='bbox 211 3801 290 3860; x_wconf 83' lang='lat' dir='ltr'><strong>levia</strong></span> <span class='ocrx_word' id='word_1_269' title='bbox 317 3810 347 3860; x_wconf 88' lang='lat' dir='ltr'><strong>et</strong></span> <span class='ocrx_word' id='word_1_270' title='bbox 371 3820 428 3880; x_wconf 93' lang='lat' dir='ltr'><strong>per</strong></span> <span class='ocrx_word' id='word_1_271' title='bbox 450 3819 484 3861; x_wconf 90' lang='lat' dir='ltr'><strong>se</strong></span> <span class='ocrx_word' id='word_1_272' title='bbox 506 3799 689 3871; x_wconf 87' lang='lat' dir='ltr'><strong>tolerabilia,</strong></span> <span class='ocrx_word' id='word_1_273' title='bbox 716 3807 748 3858; x_wconf 89' lang='lat' dir='ltr'><strong>ut</strong></span> <span class='ocrx_word' id='word_1_274' title='bbox 769 3798 883 3858; x_wconf 86' lang='lat' dir='ltr'><strong>dierum</strong></span> <span class='ocrx_word' id='word_1_275' title='bbox 905 3816 1062 3857; x_wconf 90' lang='lat' dir='ltr'><strong>numerum</strong></span> <span class='ocrx_word' id='word_1_276' title='bbox 1084 3797 1121 3856; x_wconf 89' lang='lat' dir='ltr'><strong>ad</strong></span> <span class='ocrx_word' id='word_1_277' title='bbox 1142 3817 1262 3858; x_wconf 87' lang='lat' dir='ltr'><strong>menses</strong></span> <span class='ocrx_word' id='word_1_278' title='bbox 1284 3807 1315 3859; x_wconf 90' lang='lat' dir='ltr'><strong>et</strong></span> <span class='ocrx_word' id='word_1_279' title='bbox 1336 3818 1432 3859; x_wconf 90' lang='lat' dir='ltr'><strong>annos</strong></span> 
     </span>
     <span class='ocr_line' id='line_1_31' title="bbox 111 3883 1433 3972; baseline 0.002 -17"><span class='ocrx_word' id='word_1_280' title='bbox 111 3898 284 3961; x_wconf 83' lang='lat' dir='ltr'><strong>formulasva</strong></span> <span class='ocrx_word' id='word_1_281' title='bbox 306 3901 472 3962; x_wconf 86' lang='lat' dir='ltr'><strong>sollemnes</strong></span> <span class='ocrx_word' id='word_1_282' title='bbox 490 3883 700 3972; x_wconf 78' lang='lat' dir='ltr'><strong>dedicatorias&#39;,</strong></span> <span class='ocrx_word' id='word_1_283' title='bbox 720 3901 769 3958; x_wconf 86' lang='lat' dir='ltr'><strong>vel</strong></span> <span class='ocrx_word' id='word_1_284' title='bbox 789 3899 927 3958; x_wconf 87' lang='lat' dir='ltr'><strong>immutat</strong></span> <span class='ocrx_word' id='word_1_285' title='bbox 948 3899 1058 3958; x_wconf 85' lang='lat' dir='ltr'><strong>tradita</strong></span> <span class='ocrx_word' id='word_1_286' title='bbox 1078 3898 1224 3972; x_wconf 87' lang='lat' dir='ltr'><strong>similiter,</strong></span> <span class='ocrx_word' id='word_1_287' title='bbox 1247 3909 1280 3958; x_wconf 89' lang='lat' dir='ltr'><strong>ut</strong></span> <span class='ocrx_word' id='word_1_288' title='bbox 1300 3901 1331 3959; x_wconf 91' lang='lat' dir='ltr'><strong>iu</strong></span> <span class='ocrx_word' id='word_1_289' title='bbox 1348 3899 1433 3962; x_wconf 85' lang='lat' dir='ltr'><strong>Salo·</strong></span> 
     </span>
     <span class='ocr_line' id='line_1_32' title="bbox 112 3998 1497 4080; baseline 0.004 -24"><span class='ocrx_word' id='word_1_290' title='bbox 112 3998 206 4060; x_wconf 88' lang='lat' dir='ltr'><strong>nitanc</strong></span> <span class='ocrx_word' id='word_1_291' title='bbox 233 4020 289 4079; x_wconf 89' lang='lat' dir='ltr'><strong>pro</strong></span> <span class='ocrx_word' id='word_1_292' title='bbox 314 4005 362 4062; x_wconf 92' lang='lat' dir='ltr'><strong>die</strong></span> <span class='ocrx_word' id='word_1_293' title='bbox 388 4003 438 4062; x_wconf 92' lang='lat'><strong>111</strong></span> <span class='ocrx_word' id='word_1_294' title='bbox 462 4002 504 4062; x_wconf 88' lang='lat' dir='ltr'><strong>id.</strong></span> <span class='ocrx_word' id='word_1_295' title='bbox 526 4003 599 4061; x_wconf 85' lang='lat' dir='ltr'><strong>Mai.</strong></span> <span class='ocrx_word' id='word_1_296' title='bbox 625 4001 731 4060; x_wconf 86' lang='lat' dir='ltr'><strong>maluit</strong></span> <span class='ocrx_word' id='word_1_297' title='bbox 756 4001 886 4060; x_wconf 87' lang='lat' dir='ltr'><strong>scribere</strong></span> <span class='ocrx_word' id='word_1_298' title='bbox 907 3999 952 4058; x_wconf 85' lang='lat' dir='ltr'><strong>VI</strong></span> <span class='ocrx_word' id='word_1_299' title='bbox 976 4000 1017 4058; x_wconf 91' lang='lat' dir='ltr'><strong>id.</strong></span> <span class='ocrx_word' id='word_1_300' title='bbox 1040 3999 1131 4059; x_wconf 86' lang='lat' dir='ltr'><strong>Febr.</strong></span> <span class='ocrx_word' id='word_1_301' title='bbox 1157 4007 1188 4060; x_wconf 85' lang='lat' dir='ltr'><strong>et</strong></span> <span class='ocrx_word' id='word_1_302' title='bbox 1213 4001 1257 4060; x_wconf 91' lang='lat' dir='ltr'><strong>sic</strong></span> <span class='ocrx_word' id='word_1_303' title='bbox 1282 4001 1432 4080; x_wconf 88' lang='lat' dir='ltr'><strong>deinceps.</strong></span> <span class='ocrx_word' id='word_1_304' title='bbox 1492 4017 1497 4028; x_wconf 95' lang='grc'><em>·</em></span> 
     </span>
     <span class='ocr_line' id='line_1_33' title="bbox 112 4099 1434 4179; baseline 0.002 -21"><span class='ocrx_word' id='word_1_305' title='bbox 112 4099 245 4161; x_wconf 89' lang='lat' dir='ltr'><strong>Omnium</strong></span> <span class='ocrx_word' id='word_1_306' title='bbox 267 4105 399 4164; x_wconf 82' lang='lat' dir='ltr'><strong>maxime</strong></span> <span class='ocrx_word' id='word_1_307' title='bbox 420 4113 518 4164; x_wconf 82' lang='lat' dir='ltr'><strong>autem</strong></span> <span class='ocrx_word' id='word_1_308' title='bbox 540 4102 705 4163; x_wconf 88' lang='lat' dir='ltr'><strong>delectatur</strong></span> <span class='ocrx_word' id='word_1_309' title='bbox 725 4101 883 4179; x_wconf 84' lang='lat' dir='ltr'><strong>pingendis</strong></span> <span class='ocrx_word' id='word_1_310' title='bbox 904 4101 1037 4160; x_wconf 87' lang='lat' dir='ltr'><strong>hiatibus</strong></span> <span class='ocrx_word' id='word_1_311' title='bbox 1058 4101 1149 4160; x_wconf 90' lang='lat' dir='ltr'><strong>modo</strong></span> <span class='ocrx_word' id='word_1_312' title='bbox 1170 4109 1282 4161; x_wconf 86' lang='lat' dir='ltr'><strong>temere</strong></span> <span class='ocrx_word' id='word_1_313' title='bbox 1301 4109 1332 4160; x_wconf 89' lang='lat' dir='ltr'><strong>et</strong></span> <span class='ocrx_word' id='word_1_314' title='bbox 1345 4103 1434 4177; x_wconf 81' lang='lat' dir='ltr'><strong>quasi</strong></span> 
     </span>
     <span class='ocr_line' id='line_1_34' title="bbox 113 4198 1433 4279; baseline 0.003 -22"><span class='ocrx_word' id='word_1_315' title='bbox 113 4198 266 4264; x_wconf 88' lang='lat' dir='ltr'><strong>ludibunde</strong></span> <span class='ocrx_word' id='word_1_316' title='bbox 292 4204 450 4278; x_wconf 89' lang='lat' dir='ltr'><strong>admissis,</strong></span> <span class='ocrx_word' id='word_1_317' title='bbox 479 4205 569 4265; x_wconf 90' lang='lat' dir='ltr'><strong>modo</strong></span> <span class='ocrx_word' id='word_1_318' title='bbox 597 4203 704 4262; x_wconf 86' lang='lat' dir='ltr'><strong>callide</strong></span> <span class='ocrx_word' id='word_1_319' title='bbox 733 4203 772 4261; x_wconf 88' lang='lat' dir='ltr'><strong>ad</strong></span> <span class='ocrx_word' id='word_1_320' title='bbox 797 4201 1044 4279; x_wconf 84' lang='lat' dir='ltr'><strong>interpolationes</strong></span> <span class='ocrx_word' id='word_1_321' title='bbox 1072 4202 1216 4278; x_wconf 81' lang='lat' dir='ltr'><strong>tegendas</strong></span> <span class='ocrx_word' id='word_1_322' title='bbox 1245 4200 1433 4279; x_wconf 82' lang='lat' dir='ltr'><strong>excogitatis.</strong></span> 
     </span>
     <span class='ocr_line' id='line_1_35' title="bbox 112 4299 1435 4384; baseline 0.001 -25"><span class='ocrx_word' id='word_1_323' title='bbox 112 4299 259 4364; x_wconf 84' lang='lat' dir='ltr'><strong>Hactenus</strong></span> <span class='ocrx_word' id='word_1_324' title='bbox 287 4307 368 4384; x_wconf 90' lang='lat' dir='ltr'><strong>sapit</strong></span> <span class='ocrx_word' id='word_1_325' title='bbox 385 4324 482 4382; x_wconf 74' lang='lat' dir='ltr'><strong>supra</strong></span> <span class='ocrx_word' id='word_1_326' title='bbox 501 4305 671 4384; x_wconf 78' lang='lat' dir='ltr'><strong>Ligorium,</strong></span> <span class='ocrx_word' id='word_1_327' title='bbox 699 4313 733 4363; x_wconf 93' lang='lat' dir='ltr'><strong>ut</strong></span> <span class='ocrx_word' id='word_1_328' title='bbox 754 4303 856 4363; x_wconf 86' lang='lat' dir='ltr'><strong>Latini</strong></span> <span class='ocrx_word' id='word_1_329' title='bbox 878 4303 1025 4362; x_wconf 88' lang='lat' dir='ltr'><strong>sermonis</strong></span> <span class='ocrx_word' id='word_1_330' title='bbox 1045 4300 1178 4380; x_wconf 89' lang='lat' dir='ltr'><strong>aliquem</strong></span> <span class='ocrx_word' id='word_1_331' title='bbox 1198 4320 1285 4361; x_wconf 87' lang='lat' dir='ltr'><strong>nsum</strong></span> <span class='ocrx_word' id='word_1_332' title='bbox 1306 4320 1380 4380; x_wconf 86' lang='lat' dir='ltr'><strong>prae</strong></span> <span class='ocrx_word' id='word_1_333' title='bbox 1401 4319 1435 4362; x_wconf 91' lang='lat' dir='ltr'><strong>se</strong></span> 
     </span>
     <span class='ocr_line' id='line_1_36' title="bbox 112 4401 1433 4483; baseline 0.002 -22"><span class='ocrx_word' id='word_1_334' title='bbox 112 4401 182 4464; x_wconf 84' lang='lat' dir='ltr'><strong>ierat</strong></span> <span class='ocrx_word' id='word_1_335' title='bbox 211 4413 242 4464; x_wconf 93' lang='lat' dir='ltr'><strong>et</strong></span> <span class='ocrx_word' id='word_1_336' title='bbox 265 4405 450 4468; x_wconf 88' lang='lat' dir='ltr'><strong>Diocletiani</strong></span> <span class='ocrx_word' id='word_1_337' title='bbox 475 4406 711 4483; x_wconf 87' lang='lat' dir='ltr'><strong>Maximianique</strong></span> <span class='ocrx_word' id='word_1_338' title='bbox 741 4405 936 4483; x_wconf 88' lang='lat' dir='ltr'><strong>praenomina</strong></span> <span class='ocrx_word' id='word_1_339' title='bbox 965 4412 1046 4462; x_wconf 88' lang='lat' dir='ltr'><strong>recte</strong></span> <span class='ocrx_word' id='word_1_340' title='bbox 1077 4402 1248 4462; x_wconf 89' lang='lat' dir='ltr'><strong>adscribere</strong></span> <span class='ocrx_word' id='word_1_341' title='bbox 1281 4402 1433 4476; x_wconf 80' lang='lat' dir='ltr'><strong>didicerit3</strong></span> 
     </span>
     <span class='ocr_line' id='line_1_37' title="bbox 113 4500 1434 4586; baseline 0.002 -24"><span class='ocrx_word' id='word_1_342' title='bbox 113 4513 261 4580; x_wconf 88' lang='lat' dir='ltr'><strong>praeterea</strong></span> <span class='ocrx_word' id='word_1_343' title='bbox 287 4507 337 4567; x_wconf 87' lang='lat' dir='ltr'><strong>hic</strong></span> <span class='ocrx_word' id='word_1_344' title='bbox 362 4527 483 4586; x_wconf 89' lang='lat' dir='ltr'><strong>quoque</strong></span> <span class='ocrx_word' id='word_1_345' title='bbox 508 4508 581 4568; x_wconf 87' lang='lat' dir='ltr'><strong>artis</strong></span> <span class='ocrx_word' id='word_1_346' title='bbox 606 4517 727 4566; x_wconf 89' lang='lat' dir='ltr'><strong>nostrae</strong></span> <span class='ocrx_word' id='word_1_347' title='bbox 748 4505 853 4564; x_wconf 89' lang='lat' dir='ltr'><strong>Bonus</strong></span> <span class='ocrx_word' id='word_1_348' title='bbox 874 4504 1009 4564; x_wconf 80' lang='lat' dir='ltr'><strong>Eventus</strong></span> <span class='ocrx_word' id='word_1_349' title='bbox 1033 4503 1118 4575; x_wconf 88' lang='lat' dir='ltr'><strong>iecit,</strong></span> <span class='ocrx_word' id='word_1_350' title='bbox 1146 4511 1179 4562; x_wconf 90' lang='lat' dir='ltr'><strong>ut</strong></span> <span class='ocrx_word' id='word_1_351' title='bbox 1199 4500 1320 4564; x_wconf 83' lang='lat' dir='ltr'><strong>fraudes</strong></span> <span class='ocrx_word' id='word_1_352' title='bbox 1343 4504 1434 4564; x_wconf 85' lang='lat' dir='ltr'><strong>aomi-</strong></span> 
     </span>
     <span class='ocr_line' id='line_1_38' title="bbox 114 4603 1435 4684; baseline 0 -20"><span class='ocrx_word' id='word_1_353' title='bbox 114 4609 242 4667; x_wconf 81' lang='lat' dir='ltr'><strong>tarentur</strong></span> <span class='ocrx_word' id='word_1_354' title='bbox 263 4608 385 4668; x_wconf 88' lang='lat' dir='ltr'><strong>inscitia</strong></span> <span class='ocrx_word' id='word_1_355' title='bbox 409 4616 439 4669; x_wconf 90' lang='lat' dir='ltr'><strong>et</strong></span> <span class='ocrx_word' id='word_1_356' title='bbox 459 4609 595 4670; x_wconf 80' lang='lat' dir='ltr'><strong>infantia.</strong></span> <span class='ocrx_word' id='word_1_357' title='bbox 637 4610 665 4668; x_wconf 81' lang='lat' dir='ltr'>A</span> <span class='ocrx_word' id='word_1_358' title='bbox 686 4607 858 4684; x_wconf 82' lang='lat' dir='ltr'><strong>Ligeriauis</strong></span> <span class='ocrx_word' id='word_1_359' title='bbox 879 4615 978 4666; x_wconf 85' lang='lat' dir='ltr'><strong>autem</strong></span> <span class='ocrx_word' id='word_1_360' title='bbox 1003 4603 1246 4668; x_wconf 82' lang='lat' dir='ltr'><strong>Guteusteuiana</strong></span> <span class='ocrx_word' id='word_1_361' title='bbox 1265 4604 1319 4682; x_wconf 89' lang='lat' dir='ltr'><strong>qui</strong></span> <span class='ocrx_word' id='word_1_362' title='bbox 1339 4614 1435 4665; x_wconf 85' lang='lat' dir='ltr'><strong>artem</strong></span> 
     </span>
     <span class='ocr_line' id='line_1_39' title="bbox 114 4705 1435 4786; baseline 0 -20"><span class='ocrx_word' id='word_1_363' title='bbox 114 4707 196 4768; x_wconf 77' lang='lat' dir='ltr'><strong>uallet</strong></span> <span class='ocrx_word' id='word_1_364' title='bbox 224 4729 286 4769; x_wconf 87' lang='lat' dir='ltr'><strong>nou</strong></span> <span class='ocrx_word' id='word_1_365' title='bbox 318 4711 418 4770; x_wconf 88' lang='lat' dir='ltr'><strong>miuus</strong></span> <span class='ocrx_word' id='word_1_366' title='bbox 444 4717 527 4770; x_wconf 83' lang='lat' dir='ltr'><strong>certo</strong></span> <span class='ocrx_word' id='word_1_367' title='bbox 554 4730 608 4770; x_wconf 85' lang='lat' dir='ltr'><strong>neo</strong></span> <span class='ocrx_word' id='word_1_368' title='bbox 636 4709 788 4768; x_wconf 83' lang='lat' dir='ltr'><strong>difficilius</strong></span> <span class='ocrx_word' id='word_1_369' title='bbox 818 4708 969 4785; x_wconf 86' lang='lat' dir='ltr'><strong>separabit</strong></span> <span class='ocrx_word' id='word_1_370' title='bbox 996 4725 1086 4783; x_wconf 86' lang='lat' dir='ltr'><strong>quam</strong></span> <span class='ocrx_word' id='word_1_371' title='bbox 1115 4707 1167 4784; x_wconf 90' lang='lat' dir='ltr'><strong>qui</strong></span> <span class='ocrx_word' id='word_1_372' title='bbox 1192 4706 1290 4786; x_wconf 82' lang='lat' dir='ltr'><strong>poetis</strong></span> <span class='ocrx_word' id='word_1_373' title='bbox 1317 4705 1435 4769; x_wconf 81' lang='lat' dir='ltr'><strong>Latinis</strong></span> 
     </span>
     <span class='ocr_line' id='line_1_40' title="bbox 114 4809 1049 4890; baseline -0.006 -18"><span class='ocrx_word' id='word_1_374' title='bbox 114 4826 227 4885; x_wconf 83' lang='lat' dir='ltr'><strong>operam</strong></span> <span class='ocrx_word' id='word_1_375' title='bbox 249 4811 395 4872; x_wconf 87' lang='lat' dir='ltr'><strong>dederunt</strong></span> <span class='ocrx_word' id='word_1_376' title='bbox 416 4812 592 4890; x_wconf 78' lang='lat' dir='ltr'><strong>Vergiliana</strong></span> <span class='ocrx_word' id='word_1_377' title='bbox 613 4812 651 4870; x_wconf 88' lang='lat' dir='ltr'><strong>ab</strong></span> <span class='ocrx_word' id='word_1_378' title='bbox 674 4809 833 4870; x_wconf 79' lang='lat' dir='ltr'><strong>Ouidianis</strong></span> <span class='ocrx_word' id='word_1_379' title='bbox 855 4809 1049 4888; x_wconf 79' lang='lat' dir='ltr'><strong>distinguunt.</strong></span> 
     </span>
    </p>
   </div>
   <div class='ocr_carea' id='block_1_6' title="bbox 672 5025 875 5036">
    <p class='ocr_par' dir='ltr' id='par_1_9' title="bbox 672 5025 875 5036">
     <span class='ocr_line' id='line_1_41' title="bbox 672 5025 875 5036; baseline 0 -2"><span class='ocrx_word' id='word_1_380' title='bbox 672 5025 875 5036; x_wconf 61' lang='lat' dir='ltr'>——n-n</span> 
     </span>
    </p>
   </div>
   <div class='ocr_carea' id='block_1_7' title="bbox 0 0 1791 5950">
    <p class='ocr_par' dir='ltr' id='par_1_10' title="bbox 0 0 1791 5950">
     <span class='ocr_line' id='line_1_42' title="bbox 0 0 1791 5950; baseline 0 0"><span class='ocrx_word' id='word_1_381' title='bbox 0 0 1791 5950; x_wconf 95' lang='lat' dir='ltr'><strong> </strong></span> 
     </span>
    </p>
   </div>
  </div>
 </body>
</html>
