3546 5950
454 619 503 670 nn
520 617 786 671 sunmrcrouvu
802 616 910 670 vuurs
925 617 1081 671 curvus.
1153 597 1155 600 ’
1340 602 1428 698 ‚121
1520 679 1526 690 ,

105 789 229 848 Dudum
250 790 436 851 intellectum
457 797 504 850 est
525 807 592 850 esse
605 797 720 867 partem
735 791 815 850 tituli
830 807 917 849 arcus
931 789 1122 866 triumphalis
1137 790 1210 850 iacti
1224 788 1353 851 Claudio
1368 793 1432 853 Au·

105 900 195 968 gusto
218 911 237 949 a
257 899 362 951 senatu
383 892 554 970 populoque
574 891 711 951 Romano
732 899 856 969 propter
876 891 1023 952 deviemm
1037 891 1234 950 Britanniam.
1269 891 1306 951 In
1328 894 1432 954 eodem

106 999 215 1051 antem.
227 1010 297 1052 arou
320 990 450 1052 dubitari
471 1012 531 1053 non
552 1000 660 1069 potest,
681 993 761 1068 quod
784 993 882 1052 adhuc
902 993 1038 1052 homiues
1054 992 1159 1052 doctos
1174 993 1291 1052 videtur
1307 995 1432 1072 fugisse,

106 1093 176 1168 quin
191 1092 304 1152 fuerint
316 1092 461 1170 reliquiae
477 1093 548 1153 illae
564 1093 628 1152 sive
642 1094 730 1152 unius
745 1093 865 1154 tabulae
875 1073 1007 1171 'magnae
1021 1112 1206 1153 marmoreae
1222 1095 1286 1154 sive
1300 1097 1432 1173 plurium

105 1199 242 1269 repertae
262 1195 357 1253 multo
377 1202 457 1267 ante,
478 1194 510 1253 in
531 1195 640 1271 quibus
660 1194 808 1273 inscripta
822 1195 870 1254 vel
890 1214 971 1256 nunc
986 1202 1092 1255 extant
1104 1196 1154 1254 vel
1168 1205 1256 1254 antea
1270 1197 1434 1256 extiterunt

105 1295 228 1354 nomina
253 1296 361 1356 domus
383 1293 530 1355 Claudiae
554 1314 626 1355 casu
650 1295 751 1355 dativo
773 1295 853 1355 aliud
874 1305 997 1374 propter
1018 1295 1101 1355 aliud
1121 1296 1236 1373 posita,
1260 1295 1434 1358 Germanici

105 1393 223 1468 fratris,
250 1396 402 1458 Antonias
426 1397 546 1468 matris,
572 1397 757 1475 Agrippinae
784 1398 906 1468 uxoris,
928 1395 1060 1456 Neronis
1080 1397 1152 1468 iilii,
1175 1395 1321 1456 Octaviae
1342 1399 1433 1458 filiae.

106 1495 226 1556 Tabula
247 1516 283 1556 ea
304 1515 381 1574 quae
402 1499 535 1559 continet
554 1499 676 1558 nomina
693 1496 852 1574 Antoniae,
868 1498 1066 1575 Agrippinae,
1080 1496 1211 1558 Neronis
1233 1498 1329 1558 adhuc
1350 1508 1435 1558 extat

106 1597 135 1654 in
156 1615 265 1658 museo
280 1597 461 1677 Capitolino,
483 1599 588 1659 titulos
604 1598 697 1658 edidit
710 1606 827 1674 praeter
841 1599 917 1658 alios
933 1598 1084 1659 Gruterus
1106 1619 1136 1676 p,
1152 1598 1222 1670 236,
1238 1599 1256 1657 9
1272 1606 1302 1659 et
1317 1600 1388 1673 238,
1404 1599 1433 1660 6.

106 1697 177 1757 illas
198 1700 280 1758 enim
300 1701 418 1760 tabulas
440 1720 500 1759 non
523 1700 620 1760 solum
634 1719 677 1758 ex·
688 1699 793 1759 eodem
806 1699 884 1773 loco,
906 1699 957 1759 ubi
969 1698 1076 1759 titulus
1091 1697 1213 1759 Claudii
1227 1707 1363 1776 repertus
1377 1708 1435 1774 est,

106 1800 259 1875 prodiisse
281 1801 451 1878 complures
472 1808 627 1874 testantur,
649 1799 703 1859 sed
717 1800 872 1860 Manutius
894 1801 925 1859 in
947 1800 1048 1860 codice
1062 1799 1211 1860 Vaticano
1234 1800 1315 1860 5237
1337 1801 1357 1859 s.
1376 1802 1435 1862 147

107 1907 210 1960 auctor
233 1911 281 1962 est
300 1921 353 1962 eas
374 1903 470 1962 fuisse
490 1903 521 1961 in
543 1921 616 1961 arcu
637 1901 767 1979 quodam
789 1901 837 1960 his
852 1901 952 1961 verbis
973 1918 1048 1960 usus
1062 1902 1141 1960 uella
1150 1905 1256 1979 piuzzo
1269 1903 1299 1960 di
1313 1902 1436 1962 Sciorra

100 2001 140 2074 su
160 2005 302 2063 rinocore
323 2023 379 2064 uuo
401 2022 470 2065 orco
491 2005 523 2062 dt
540 2001 663 2064 Caudio
684 2007 853 2079 imperatore
873 2001 1064 2062 l’ouu01562
1085 2021 1138 2061 eon
1157 2012 1252 2080 quasa
1269 2006 1435 2075 iacritu'oui3

108 2101 236 2162 subiecit
262 2121 315 2164 ecs
339 2105 442 2165 titulos
463 2104 630 2182 dequibus
653 2103 789 2163 dicimus.
832 2103 1026 2162 Manifestum
1048 2109 1094 2161 est
1114 2102 1207 2181 igitur
1227 2122 1330 2162 arcum
1350 2104 1435 2162 illum

107 2203 319 2280 triumphalem
347 2205 514 2265 dedicatum
542 2204 637 2265 fuisse
664 2203 791 2264 Claudio
821 2202 982 2280 domuique
1009 2201 1137 2263 Claudii.
1180 2202 1308 2262 Videtur
1335 2213 1435 2264 autem

107 2303 153 2362 hio
174 2313 208 2364 ut
225 2305 399 2367 Ticinensis
413 2307 554 2384 Augusti,
575 2307 612 2366 de
633 2323 693 2383 quo
714 2306 858 2365 disseruit
870 2299 1090 2381 Mommsen1),
1111 2304 1208 2364 fuisse
1226 2304 1382 2376 euformis,
1404 2315 1438 2365 ut

109 2417 226 2480 praeter
247 2415 377 2468 statuam
398 2409 587 2486 imperatoris
609 2408 705 2484 ipsius
726 2415 851 2466 ornatus
874 2413 955 2466 esset
976 2405 1085 2466 statuis
1107 2423 1209 2464 eorum
1226 2406 1277 2482 qui
1293 2424 1332 2465 ex
1347 2407 1435 2465 domo

109 2507 172 2567 cius
194 2517 290 2567 crant

189 2608 262 2668 Una
286 2629 353 2670 cum
378 2611 489 2671 tabulis
510 2627 587 2688 quas
609 2609 851 2687 supradiximus
873 2616 993 2685 reperta
1013 2615 1085 2666 sunt
1103 2607 1272 2684 fragmenta
1292 2607 1437 2667 nonnulla

108 2727 184 2784 quae
197 2711 289 2770 ceteri
303 2712 471 2772 describere
485 2711 659 2785 omiserunt,
681 2728 758 2770 unus
778 2710 939 2789 descripsit
952 2707 1099 2768 Nicotaus
1112 2709 1297 2780 Florentius,
1320 2726 1437 2768 eorum·

109 2828 164 2885 que
186 2812 328 2890 exempla
345 2814 430 2872 misit
450 2821 480 2871 et
496 2812 665 2885 (torrendo,
686 2813 719 2872 iu
739 2811 823 2873 cuius
845 2811 948 2871 codice
968 2809 1162 2870 Bruxellensi
1183 2817 1289 2868 extant
1309 2808 1437 2868 infolio

110 2913 216 2987 primo,
239 2923 269 2972 et
288 2913 407 2993 pigero,
429 2914 515 2974 cuius
536 2914 632 2974 codici
653 2913 842 2974 Berolineusi
864 2913 979 2973 inserta
1000 2911 1122 2973 suntin
1142 2911 1251 2970 f.103.
1288 2909 1438 2988 Exempla

110 3015 333 3076 accuratissime
353 3015 474 3092 depicta
494 3015 570 3076 haec
591 3021 673 3075 sunt:

393 3165 498 3344 &p
790 3224 802 3238 .
1087 3199 1130 3243 uo

419 3305 437 3328 Γ
535 3365 546 3380 ·
741 3303 801 3347 τΑτ
816 3317 824 3332 ·
839 3295 875 3346 xi
1083 3155 1167 3538 *j

359 3387 362 3392 “
757 3405 834 3447 rursu
1083 3389 1116 3444 lll

765 3503 833 3547 VOD

113 3659 198 3734 Quae
224 3663 251 3722 si
278 3662 439 3722 contuleris
460 3680 529 3722 cum
550 3677 659 3738 magno
679 3659 734 3719 illo
755 3659 924 3738 fragmento
947 3679 975 3718 a.
994 3659 1070 3720 1641
1095 3658 1201 3719 eodem
1221 3658 1289 3718 loco
1310 3665 1440 3735 reperto,

114 3761 269 3842 intelleges
295 3764 457 3842 particulas
478 3763 573 3822 fuisse
594 3761 727 3823 eiusdem
750 3760 838 3820 tituli.
882 3760 998 3820 Harum
1021 3779 1078 3839 ope
1099 3760 1126 3820 is
1148 3761 1179 3818 iu
1200 3759 1277 3819 hano
1296 3758 1359 3818 fere
1379 3756 1440 3817 ior·

115 3882 191 3923 uram
213 3866 331 3926 videtur
351 3866 469 3926 restitui
490 3881 594 3941 posse:
881 3858 891 3866 ’

453 4018 493 4078 ΤΙ
529 4039 537 4056 ·
571 4016 736 4077 clavero
779 4018 863 4076 drusi
891 4016 920 4092 s.
958 4015 1120 4076 catsant

585 4118 752 4179 Avcvuo
776 4115 970 4195 perrenniCO

456 4234 608 4281 rourmcr
647 4236 743 4279 marma
778 4236 827 4277 otu.
858 4234 985 4288 porcam
1021 4247 1030 4262 ·
1064 4224 1101 4276 lii

512 4337 573 4383 cos
585 4327 714 4389 ·v·uup.
732 4318 825 4395 ΜΟ)
843 4337 908 4387 parre
925 4335 1041 4388 parurn!

399 4443 412 4482 t
455 4437 589 4482 SENATVS
624 4450 632 4466 ·
669 4434 814 4489 sonasque
856 4434 977 4478 Romanas
1019 4433 1101 4489 ,von

514 4539 607 4582 REGES
623 4551 629 4566 ·
647 4537 791 4581 annanias
810 4537 838 4578 xl
853 4549 861 4564 ·
877 4537 978 4579 Desictcs
999 4537 1046 4578 rins

514 4641 605 4682 vnis·
617 4636 746 4681 nervae
757 4638 783 4679 a
796 4637 925 4680 esurio-«m
939 4638 1045 4690 meu

458 4739 640 4796 GENTESQIE
684 4749 692 4769 ·
735 4738 849 4780 Eudorus
896 4741 957 4779 trum
1000 4747 1101 4779 manuam

458 4824 628 4884 ruluvsou
651 4837 776 4882 orcum
792 4839 871 4891 ρομιι·
892 4837 978 4879 mmor
998 4837 1103 4889 reasque

199 5145 223 5207 1)
248 5146 367 5200 Berichte
385 5149 431 5200 der
449 5148 531 5200 siche.
550 5146 692 5201 Gesellsch.
712 5145 739 5196 d.
752 5144 831 5196 Wiss.
853 5142 923 5195 1850
943 5159 968 5207 p.
984 5141 1046 5193 315.
