3610 5956
334 585 380 654 66
541 643 547 654 .
905 599 1088 652 uouusau

333 701 486 711 ...-—-—

334 775 419 850 origo
440 772 521 831 clara
543 782 588 831 est
610 780 639 830 et
661 771 840 842 indubitata3
863 770 1001 829 nimirum
1022 769 1062 828 D.
1078 771 1184 829 Iunius
1200 767 1322 831 Silanus
1344 780 1464 848 praetor
1485 791 1513 832 a.
1529 771 1588 830 612
1611 791 1672 830 na-

333 875 459 934 turalem
489 884 603 950 patrem
625 872 730 931 habuit
752 871 789 929 T.
813 871 958 930 Manlium
979 870 1167 948 Torquatum
1190 872 1342 931 consulem
1365 891 1392 930 a.
1410 873 1488 946 589,
1512 891 1612 948 aquo
1634 873 1672 930 in

333 976 524 1050 adoptionem
546 975 633 1032 datus
656 973 808 1031 Iuniornm
833 972 1003 1033 Silanorum
1026 991 1134 1031 nomen
1156 973 1344 1050 propagavit.
1383 972 1501 1032 Deinde
1523 975 1672 1033 extinctis

332 1076 453 1134 Manliis
480 1074 643 1150 Torquatis
672 1081 769 1131 aetate
797 1072 982 1133 Caesariana
1008 1073 1118 1149 (neque
1145 1074 1224 1132 enim
1252 1073 1345 1132 ullum
1373 1074 1445 1132 novi
1471 1077 1536 1133 eius
1564 1076 1672 1151 gentis

331 1179 527 1256 posteriorem
550 1176 586 1234 T.
610 1175 767 1251 Torquato
788 1175 825 1232 T.
848 1175 869 1232 f.
895 1183 925 1232 et
945 1172 981 1232 L.
1005 1175 1160 1249 Torquato
1181 1171 1218 1232 L.
1240 1174 1261 1232 f.
1284 1183 1420 1250 praetore
1442 1195 1469 1234 a.
1487 1177 1559 1248 705,
1587 1193 1672 1252 qno-

331 1299 396 1338 rum
426 1285 458 1337 ut
485 1287 669 1336 mortuorum
699 1275 834 1334 meminit
863 1274 969 1334 Cicero
1002 1276 1032 1333 in
1061 1275 1154 1334 Bruto
1184 1275 1297 1353 scripto
1326 1295 1352 1334 a.
1376 1277 1436 1336 708
1464 1295 1489 1334 c.
1511 1276 1566 1348 70,
1590 1275 1670 1335 245.

333 1381 387 1452 76,
408 1379 486 1456 265)
517 1376 680 1436 secundum
707 1394 793 1434 usum
823 1376 889 1434 eiua
916 1377 1060 1452 temporis
1087 1376 1168 1434 Iunii
1198 1375 1309 1449 Silani,
1343 1377 1519 1436 naturaliter
1545 1377 1670 1435 oriundi

332 1483 368 1540 ab
396 1480 472 1553 illis,
501 1499 560 1537 uon
587 1478 681 1536 solum
705 1477 884 1552 imaginibus
906 1479 1003 1553 gentis
1026 1478 1174 1536 extinctae
1196 1495 1324 1554 pompas
1347 1497 1417 1537 suaa
1439 1477 1672 1548 decoraverunt,

331 1579 582 1656 quemadmodum
598 1578 723 1636 Tacitus
747 1578 828 1651 (ann.
846 1579 874 1649 3,
891 1577 944 1653 76)
967 1579 1010 1636 ait
1030 1578 1060 1635 in
1083 1578 1186 1636 sunere
1206 1579 1311 1637 Iuniae
1333 1579 1414 1638 filiae
1427 1579 1466 1636 D.
1484 1575 1576 1639 Silani
1593 1597 1669 1638 con·

332 1682 407 1740 sulis
430 1701 456 1739 a.
473 1679 533 1739 692
557 1679 713 1737 deiunctae
736 1697 762 1736 a.
786 1679 903 1736 demum
927 1698 956 1736 u.
972 1698 997 1737 c.
1014 1679 1074 1736 775
1091 1705 1128 1728 ==
1144 1700 1173 1757 p.
1191 1677 1262 1738 Chr.
1280 1679 1319 1737 22
1340 1680 1521 1739 Manliorum
1542 1698 1670 1756 quoque

331 1783 478 1860 imagines
506 1782 653 1840 antelatos
683 1797 766 1850 esse,
794 1780 848 1838 sed
875 1780 943 1856 ipsa
964 1781 1085 1836 nomina
1106 1791 1329 1839 revocaverunt.
1372 1781 1468 1840 Plane
1490 1782 1592 1840 eadem
1613 1800 1670 1838 raa

332 1885 412 1942 tione
434 1883 522 1941 Fabii
545 1882 670 1939 Maximi
697 1889 793 1938 aetate
815 1881 956 1957 Augusta
979 1881 1121 1939 extinctis
1143 1881 1282 1939 Aemiliis
1304 1881 1422 1940 Paullia
1446 1899 1609 1958 cognomen
1630 1883 1670 1940 id

333 1983 538 2053 adsciverunt,
570 1982 711 2058 qnoniam
739 1982 860 2039 saeculo
889 1990 977 2040 sexto
1003 2001 1042 2039 ex
1070 1983 1233 2042 maioribus
1262 2002 1363 2055 eorum
1389 2002 1468 2042 unus
1496 2003 1535 2052 ex
1561 1982 1667 2042 Paulli

332 2085 420 2143 domo
446 2085 477 2143 in
499 2084 626 2142 Fabiam
652 2092 783 2140 venerat.
827 2082 873 2140 Ita
893 2083 924 2139 in
946 2081 1058 2142 Silonis
1080 2083 1303 2159 Torquatorntn
1325 2103 1433 2143 nomen
1456 2086 1581 2162 emergit
1601 2087 1667 2162 pri-

332 2205 411 2243 mum
434 2186 464 2243 in
487 2185 576 2244 Iunia
590 2183 746 2259 Torquate
768 2183 884 2262 virgine
899 2183 1014 2242 Vestali
1036 2202 1141 2244 sorore
1162 2185 1320 2242 consulum
1342 2203 1369 2242 a.
1387 2185 1424 2242 10
1439 2195 1470 2244 et
1487 2187 1534 2257 15,
1555 2185 1667 2244 deinde

330 2289 362 2345 in
390 2286 511 2345 consule
533 2306 559 2344 a.
580 2306 608 2362 p.
626 2283 698 2343 Obr.
717 2285 769 2355 19,
797 2302 978 2359 quamquam
1004 2284 1073 2342 huic
1099 2285 1130 2343 id
1158 2303 1322 2362 cognomen
1347 2305 1406 2344 non
1433 2286 1521 2345 datur
1546 2287 1604 2344 nisi
1629 2288 1666 2346 in

331 2388 419 2447 unico
441 2387 526 2445 titulo
549 2385 676 2460 filiae¹);
699 2385 827 2461 denique
848 2385 1013 2461 abnepotes
1035 2385 1256 2462 adnepotesque
1273 2385 1399 2464 Augusti
1422 2406 1458 2445 eo
1479 2388 1592 2464 passim
1614 2389 1665 2446 usi

331 2506 399 2546 esse
425 2487 624 2545 inveniuntur.
669 2486 783 2544 Eodem
809 2486 975 2545 rettulerim
1002 2486 1083 2562 quod
1102 2487 1146 2544 ait
1167 2485 1330 2546 Suetonius
1357 2486 1441 2562 (Gai.
1459 2487 1514 2560 25)
1538 2486 1663 2562 Gaium,

331 2609 400 2648 cum
419 2597 521 2646 vetera
543 2587 725 2646 familiarum
745 2587 877 2662 insignia
898 2587 1086 2645 nobilissimo
1106 2589 1211 2663 cuique
1234 2588 1388 2660 adimeret,
1412 2590 1503 2646 etiarn
1522 2589 1661 2666 Torqua·

330 2699 393 2748 tum
416 2697 522 2764 torque
543 2689 694 2764 privasse3
716 2706 784 2745 nam
800 2687 895 2746 Nonii
914 2689 1111 2765 Asprenates,
1134 2688 1302 2765 dequibus
1323 2689 1458 2764 plerique
1480 2690 1554 2751 baec
1575 2690 1662 2749 intel-

331 2792 436 2867 legunt
462 2796 584 2866 propter
612 2789 812 2847 narrationem
838 2788 972 2847 eiusdem
993 2789 1125 2848 auctoris
1146 2790 1177 2847 in
1199 2790 1332 2865 Augusti
1355 2790 1416 2847 vita
1438 2808 1462 2848 c.
1479 2791 1534 2862 43,
1561 2793 1662 2850 minue

331 2901 410 2950 recte
437 2909 526 2968 quam
554 2889 649 2950 Silani
676 2891 803 2948 vetustis
830 2889 953 2948 familiis
980 2889 1213 2948 adnumerantur
1233 2909 1288 2949 neo
1310 2891 1386 2948 satia
1408 2899 1477 2967 apte
1497 2891 1662 2971 iunguntur

330 2994 450 3069 Magnis
471 2989 765 3066 cincinnatisquet).
801 2990 964 3067 Perperam
986 2999 1085 3050 autem
1106 2990 1289 3069 Borgheaius
1311 2991 1378 3050 loco
1400 3002 1541 3070 corrupto
1561 2994 1661 3053 Taciti

332 3113 400 3154 ann.
422 3094 450 3165 3,
471 3093 509 3152 58
532 3093 699 3168 saporando
721 3091 819 3150 Silani
844 3091 958 3170 (agitur
979 3092 1017 3150 de
1038 3092 1161 3151 consule
1182 3093 1281 3167 ι.10)
1308 3102 1438 3152 matema
1459 3096 1532 3153 bonu
1554 3099 1662 3174 quippe

330 3195 392 3254 alia
411 3197 640 3270 percuterentur·
659 3194 861 3268 reddendaque
875 3193 940 3267 filio
961 3211 1017 3270 pro
1039 3193 1102 3250 ulia
1125 3185 1216 3252 scribi
1237 3193 1326 3252 iussit
1340 3193 1466 3253 Manlia
1498 3194 1578 3254 Nam
1595 3215 1662 3274 per·

329 3313 435 3356 uersae
457 3296 621 3356 sententiae
642 3294 687 3352 ita
707 3294 825 3352 medela
845 3293 926 3352 nulla
947 3293 1084 3364 offertum
1107 3295 1145 3352 ad
1160 3293 1308 3369 Torquati
1330 3303 1429 3353 autern
1451 3313 1559 3354 nomen
1576 3298 1662 3358 Man·

328 3399 379 3456 liia
406 3398 550 3456 tributum
579 3394 789 3472 explicandum
820 3411 916 3470 nequo
942 3412 1018 3470 opus
1043 3405 1090 3452 est
1115 3395 1269 3454 affinitatis
1297 3397 1566 3470 demonstratione,
1592 3417 1662 3458 cum

330 3500 453 3576 adoptio
476 3518 537 3556 rem
561 3496 711 3567 conficiat,
738 3515 835 3572 neque
858 3497 884 3554 si
907 3513 984 3572 opus
1006 3503 1103 3568 esset,
1133 3496 1207 3554 haec
1228 3497 1324 3554 relata
1346 3497 1385 3554 ad
1405 3499 1559 3558 consulem
1580 3519 1609 3558 a.
1630 3520 1661 3577 p.

331 3599 403 3660 chr.
421 3601 459 3658 10
481 3599 648 3667 sufficeret,
669 3615 736 3656 oum
757 3596 788 3653 id
811 3615 920 3655 nomen
940 3597 1031 3656 latius
1053 3606 1155 3672 pateat
1175 3597 1205 3655 in
1220 3595 1341 3658 ¹Silania
1363 3617 1452 3674 quam
1475 3609 1507 3658 ut
1532 3601 1571 3659 ab
1596 3603 1662 3660 eius

331 3701 439 3762 aetatis
467 3699 656 3757 matrimonio
685 3698 791 3778 repeti·
808 3698 914 3773 possit.
962 3698 1058 3756 Miror
1084 3708 1182 3757 autem
1209 3697 1442 3774 Nipperdeium,
1474 3702 1524 3776 qui
1554 3701 1661 3762 lunda-

330 3807 431 3858 mento
456 3799 607 3874 opinionis
634 3807 713 3857 recte
737 3799 849 3857 reiecto
871 3808 902 3858 et
921 3799 1105 3858 absurditate
1127 3801 1284 3858 commatis
1306 3802 1416 3877 optime
1437 3813 1596 3879 perspecta
1617 3805 1661 3862 ni-

330 3903 493 3962 hilominus
521 3919 625 3960 secure
652 3917 790 3977 premens
812 3899 969 3976 Borghesii
992 3901 1120 3977 vestigia
1133 3899 1267 3960 Vestalis
1289 3903 1378 3960 matri
1398 3903 1529 3961 Manliae
1550 3922 1660 3964 nomen

285 4067 287 4073 ,
329 4003 423 4063 luisse
445 4012 597 4061 asseveret
617 4001 746 4076 indeque
767 4001 860 4060 filiam
882 4001 1067 4076 Torquatam
1089 4002 1271 4078 appellatam
1294 4020 1360 4061 esse
1381 4005 1550 4064 contendat.

414 4103 598 4164 Coniunctos
618 4103 711 4161 luisse
726 4100 868 4161 Claudios
890 4102 1034 4177 patricios
1056 4119 1123 4159 cum
1138 4102 1236 4160 Iuniis
1251 4099 1364 4162 Silonis
1385 4113 1501 4164 tantum
1523 4107 1610 4166 abest
1628 4118 1662 4166 ut

329 4225 445 4284 negem,
468 4215 501 4265 ut
522 4205 649 4263 duorum
671 4203 922 4263 consobrinorum
938 4201 972 4262 Ο.
987 4203 1078 4279 Appii
1095 4199 1191 4262 Silani
1213 4221 1275 4262 eoa.
1297 4223 1324 4262 a.
1342 4203 1381 4265 28
1403 4217 1434 4265 ot
1447 4206 1552 4266 Iuniae
1567 4206 1661 4268 Clan-

329 4309 418 4368 dillae
446 4308 568 4367 nomina
594 4304 763 4366 Claudiana
790 4303 902 4363 ducant
927 4304 966 4362 ad
992 4305 1193 4364 coniecturam
1219 4323 1406 4365 communem
1432 4326 1536 4367 eorum
1562 4311 1661 4368 ariam

407 4567 430 4630 ι)
457 4569 518 4618 Nou
537 4581 755 4632 supervacaneum
774 4567 823 4615 erit
841 4581 947 4616 monere
966 4573 1055 4616 cautos
1074 4567 1213 4616 admodum
1231 4583 1279 4618 nos
1299 4583 1355 4618 esse
1374 4569 1467 4620 debere
1486 4571 1513 4620 in
1532 4571 1660 4622 eiusmodi

330 4659 524 4723 cognominibus
543 4659 704 4707 hereditariis
724 4657 755 4706 ab
775 4659 816 4720 iis,
837 4657 929 4722 quibus
948 4658 988 4707 ius
1007 4658 1034 4707 iu
1053 4673 1084 4707 ea
1097 4659 1138 4720 sit,
1158 4659 1337 4709 abiudicandis
1350 4669 1455 4726 propter
1466 4664 1660 4727 usurpationem

329 4765 418 4800 eorum
438 4750 568 4798 omissam.
586 4749 627 4799 Ita
646 4749 751 4800 Tacitus
770 4751 797 4799 in
815 4749 952 4800 annalibus
971 4765 994 4799 a.
1010 4751 1054 4800 64.
1069 4751 1103 4800 65
1122 4750 1157 4800 1).
1178 4750 1268 4802 Silano
1288 4766 1431 4816 cognomen
1450 4753 1578 4818 Torquati
1596 4755 1659 4804 dare

329 4842 409 4904 solat,
429 4841 510 4891 Lucio
529 4855 636 4905 negare,
656 4848 684 4889 nt
702 4840 767 4890 adeo
786 4840 882 4890 scribat
902 4841 944 4902 16,
959 4843 989 4892 8ι
1015 4841 1095 4908 speum
1114 4839 1203 4892 deltiac
1223 4839 1338 4892 Silanum
1356 4844 1482 4910 increpuit
1498 4843 1586 4894 iisdem
1605 4845 1659 4911 qai-

330 4929 375 4981 baa
395 4938 514 4998 patruum
535 4932 589 4980 eiua
610 4929 635 4980 T
633 4937 775 4997 orquotum3
799 4939 827 4981 at
849 4926 1016 4982 nihilominus
1040 4931 1128 4997 paullo
1151 4940 1210 4998 post
1234 4950 1256 4984 c.
1272 4936 1304 4984 12
1329 4934 1434 4984 eosdem
1454 4935 1572 4985 homines
1590 4951 1659 4985 com·

328 5023 447 5087 plectitur
464 5023 638 5087 appellatione
657 5023 766 5073 duorum
785 5025 985 5089 Torquatorum.

405 5129 429 5194 ²)
458 5132 491 5193 Q.
504 5134 607 5183 Volusii
631 5133 742 5182 consulis
762 5147 785 5182 a.
801 5135 853 5184 809
869 5153 903 5175 =
918 5133 952 5184 56
978 5149 1046 5183 uxor
1064 5133 1198 5198 Torquate
1221 5133 1289 5195 (vide
1315 5149 1380 5200 quae
1399 5135 1522 5186 adnotari
1541 5135 1574 5186 ad
1591 5133 1657 5184 Bor·

327 5225 444 5289 ginesium
463 5239 523 5291 opp.
545 5226 570 5288 3,
585 5225 647 5277 933.
662 5225 725 5287 334)
746 5240 777 5277 ex
797 5239 848 5290 qua
866 5232 943 5290 gente
961 5225 1046 5288 tuerit,
1066 5229 1203 5276 nescimus.
