3582 5956
545 629 729 683 nausson.
752 631 956 686 navnnrvu.
1339 623 1411 698 231

86 723 1413 756 Q

87 801 174 861 vides
200 801 275 860 haec
302 800 404 860 omnia
429 799 509 859 dicta
534 817 602 859 esse
634 799 671 859 de
697 803 771 862 aede
802 815 889 862 extra
914 807 1016 865 urbem
1044 811 1153 884 posita.
1202 812 1309 872 deinde
1335 817 1415 892 quod

86 902 165 960 idem
188 901 368 961 Plutarchus
390 901 478 960 Rom.
502 901 540 959 27
568 909 671 960 narrat
683 903 858 962 'secundum
886 908 1032 983 quosdam
1053 910 1215 972 Romulum
1242 912 1269 972 ἔν
1290 919 1332 992 τῷ
1352 917 1416 1001 ἱερῷ

87 1003 140 1059 τοῦ
158 995 319 1076 ‘libaima
342 1023 361 1061 a
381 1003 569 1062 senatoribus
591 1001 723 1062 occisum
743 1021 822 1076 esse,
843 1024 879 1064 eo
898 1007 965 1066 loeo
987 1010 1046 1067 iam
1062 1009 1207 1072 Saohsius
1226 1016 1240 1073 1
1264 1035 1293 1092 p.
1311 1018 1348 1077 77
1371 1021 1416 1078 ita

87 1121 162 1164 usus
179 1111 251 1176 erat,
273 1111 307 1163 ut
320 1104 425 1162 aedem
440 1105 471 1163 in
484 1105 614 1164 Volcani
635 1123 707 1164 area
726 1125 759 1164 re
779 1124 850 1165 vera
863 1106 957 1168 fuisse
971 1121 1052 1170 recte
1065 1124 1197 1190 negaret,
1218 1116 1414 1179 Plutarchum

87 1205 125 1263 de
153 1223 190 1265 ea
216 1206 348 1281 cogitare
373 1205 453 1265 falso
480 1206 659 1265 adfirmaret.
701 1225 771 1264 nam
793 1207 970 1286 quicumque
991 1212 1119 1288 ineptias
1139 1216 1213 1276 istas
1234 1221 1416 1296 excogitavit

87 1305 298 1365 isRomulum
323 1306 355 1366 in
382 1325 488 1385 campo
514 1307 629 1385 perisse
656 1325 766 1384 negare
792 1327 853 1368 non
880 1321 1011 1386 poterat;
1043 1313 1131 1374 finxit
1155 1324 1254 1377 autem
1279 1331 1415 1381 senatum

87 1416 158 1465 ante
183 1417 303 1483 portam
329 1408 505 1466 convenisse
533 1408 563 1466 in
586 1426 622 1466 ea
643 1408 726 1481 aede,
748 1427 825 1484 quae
846 1420 953 1486 postea
978 1414 1022 1476 ibi
1041 1414 1122 1474 facta
1143 1427 1197 1490 est,
1224 1427 1257 1478 ut
1279 1423 1416 1483 similiter

88 1507 190 1566 fiotum
212 1525 278 1568 esse
300 1508 388 1568 docui
410 1508 490 1584 qnod
513 1509 550 1567 de
571 1517 678 1568 senatu
704 1509 735 1568 in
761 1510 834 1569 aede
856 1512 922 1570 Iani
943 1513 980 1570 ad
1007 1515 1154 1575 theatrum
1177 1519 1313 1579 Marcelli
1337 1524 1439 1583 facto'

89 1608 170 1684 apud
184 1607 310 1667 Festum
324 1609 451 1686 legimus
466 1627 504 1667 ex
519 1610 621 1668 nescio
636 1610 745 1692 quibus
760 1611 917 1672 annalibus
933 1623 1105 1691 excerptum
1121 1617 1162 1693 (v.
1177 1617 1297 1680 Hermes
1312 1623 1340 1694 4,
1356 1623 1418 1683 234

94 1709 164 1786 Top.
186 1709 216 1784 2,
239 1709 297 1770 267
321 1709 371 1785 a).
419 1727 523 1768 ansam
554 1711 697 1787 praebere
729 1713 863 1787 potuisse
894 1715 1004 1774 talibus
1037 1721 1212 1778 commentis
1245 1725 1418 1783 senaculum

87 1827 155 1869 cnm
180 1810 337 1870 volcanali
358 1811 547 1869 coniunctum
570 1818 599 1869 et
621 1809 764 1872 Sachsius
785 1813 805 1870 l.
828 1831 852 1871 c
874 1815 949 1872 vidit
970 1833 1024 1873 neo
1045 1817 1196 1893 ignoravit
1216 1821 1281 1896 ipse
1302 1824 1419 1884 Detlef·

88 1910 271 1969 uenusto.
298 1931 328 1988 p.
353 1911 422 1968 151.
449 1943 490 1953 -
521 1912 694 1987 ignoramus
728 1931 788 1988 quo
820 1922 953 1990 tempore
985 1916 1066 1974 facta
1094 1919 1134 1976 sit
1159 1921 1248 1980 aedes
1275 1922 1418 1984 Volcani:

88 2011 265 2072 crediderim
286 2020 386 2070 tamen
408 2029 476 2070 esse
497 2030 587 2070 unam
603 2012 640 2072 de
654 2013 768 2082 multis,
791 2012 828 2071 de
849 2031 974 2090 quarum
990 2016 1114 2092 origine,
1137 2021 1165 2078 si
1178 2020 1299 2082 Liviani
1319 2027 1419 2102 operis

88 2112 157 2170 libri
183 2112 254 2170 inde
281 2114 319 2171 ab
346 2112 502 2172 undecimo
530 2114 569 2172 ad
590 2112 765 2172 vicesimum
788 2123 935 2186 extarent,
961 2125 1119 2176 constaret.
1163 2139 1216 2181 eos
1244 2123 1334 2184 libros
1367 2127 1419 2202 qui

88 2213 290 2288 epitomarunt
314 2232 384 2272 raro
410 2214 611 2273 dedicationes
638 2215 826 2289 templorum,
855 2211 979 2291 qu'orum
1005 2237 1115 2295 magna
1140 2239 1212 2298 pars
1238 2231 1343 2298 postea
1368 2237 1421 2286 aut

87 2314 265 2373 interierunt
293 2325 346 2373 aut
371 2323 451 2373 certe
472 2333 576 2392 parum
599 2315 718 2391 cognita
738 2315 866 2388 fuerunt,
892 2315 1054 2377 lectoribus
1076 2322 1140 2379 suis
1161 2322 1288 2399 prodere
1310 2345 1419 2402 operae

88 2415 218 2492 pretium
245 2416 410 2474 duxeruntr
442 2434 478 2475 eo
506 2415 602 2491 magis
628 2415 788 2474 dolendum
815 2424 870 2488 est,
903 2418 982 2493 quod
1004 2419 1043 2476 ad
1075 2423 1245 2482 rars·haeo
1271 2425 1419 2486 fastorum

89 2533 244 2575 sacrorum
266 2516 394 2593 vestigia
414 2516 594 2592 topographi
615 2535 676 2575 non
698 2517 771 2576 satis
794 2516 993 2578 attenderunt.
1026 2520 1119 2579 veluti
1133 2522 1245 2583 frustra
1266 2527 1345 2602 apud
1367 2545 1419 2588 eos

89 2617 278 2694 quaesiveris
314 2617 487 2676 memoriam
520 2617 604 2676 aedis
636 2616 722 2675 Palis
754 2635 773 2676 a
803 2619 845 2676 Μ.
878 2620 974 2678 Atilio
1007 2637 1033 2678 a.
1061 2621 1122 2681 487
1154 2636 1252 2696 votae,
1290 2627 1326 2685 de
1358 2646 1419 2705 qua

89 2717 200 2776 Florus
223 2719 251 2790 1,
275 2717 323 2791 15,
345 2717 400 2780 20:
434 2727 461 2777 et
480 2721 512 2775 ia
532 2719 585 2776 boo
607 2722 757 2776 calamiae
777 2723 903 2794 pretium
930 2721 1062 2796 templum
1094 2723 1150 2780 sibi
1172 2730 1308 2800 pastoria
1333 2728 1421 2802 Pales

88 2819 165 2876 ultro
181 2823 324 2896 poposcit,
349 2817 471 2879 Scholia
491 2818 581 2877 Bern.
604 2817 642 2876 ad
664 2816 755 2896 Verg.
778 2817 833 2878 Ge.
857 2822 886 2892 3,
911 2822 925 2877 1
951 2821 1071 2898 (mapsa
1091 2822 1207 2901 Pales).·
1230 2829 1331 2903 teuplo
1354 2835 1381 2888 ei
1401 2849 1422 2889 a

88 2919 198 2996 Regulo
220 2924 369 2980 constituto
392 2919 549 2978 Sallentini
569 2922 637 2978 victi
657 2929 731 2978 sunt.
763 2920 920 2980 Brundisii
941 2922 1151 2997 imperatorem
1173 2925 1342 2987 Romanum
1363 2932 1421 2990 hoc

88 3021 235 3098 templum
255 3021 363 3079 fecisse
385 3021 452 3098 quis
477 3020 577 3079 credet
596 3019 733 3078 Prellero
756 3021 860 3096 (Mytb.
883 3042 913 3099 p.
930 3021 1024 3097 365)?

172 3120 397 3196 Relinquantur
423 3138 512 3180 saera
537 3121 627 3178 huius
654 3120 713 3179 diei
739 3121 811 3179 bina
841 3121 991 3198 Quique)
1018 3126 1048 3180 r'n
1073 3125 1154 3194 colle,
1182 3125 1342 3204 Volk(uno)
1364 3130 1420 3207 [in]

89 3225 211 3281 comitio.
254 3222 409 3280 comitium
438 3221 546 3279 aetatis
577 3221 669 3291 illius,
702 3239 739 3279 ne
771 3220 903 3297 abripisr
935 3223 1034 3282 alieno
1066 3224 1134 3282 loco
1166 3224 1198 3282 in
1229 3230 1420 3302 quaestiones

89 3321 299 3394 difficillimas,
331 3323 405 3381 satis
432 3322 472 3379 sit
497 3322 651 3380 monuisse
678 3339 738 3379 non
765 3337 832 3380 esse
858 3321 955 3399 ipsam
978 3321 1106 3381 Volcani
1129 3341 1243 3398 aream,
1272 3330 1325 3387 sed
1347 3329 1420 3390 Vol-

89 3422 188 3482 canali
216 3423 390 3481 subiectum.
433 3422 466 3479 in
492 3421 612 3481 comitio
638 3421 739 3499 igitur,
772 3422 822 3480 ubi
849 3421 1087 3498 Quinquatribus
1120 3425 1190 3482 salii
1223 3445 1288 3486 cum
1320 3433 1420 3505 ponti·

89 3523 198 3583 ficibus
225 3530 255 3583 et
281 3522 411 3582 tribunis
439 3523 568 3581 celerum
600 3522 757 3594 iaciebant,
791 3541 908 3582 sacrum
937 3523 1071 3581 Volcano
1102 3533 1164 3583 tum
1197 3527 1296 3585 fiebat.
1339 3531 1420 3592 haud

89 3626 197 3703 procul
218 3642 237 3684 a
258 3624 379 3684 comitio
407 3624 439 3682 in
465 3623 532 3700 ipso
557 3623 622 3682 loro
649 3623 786 3682 audimus
813 3625 886 3683 deae
911 3642 977 3682 cum
1000 3624 1137 3683 Volcano
1159 3628 1421 3692 coniunctissimae

90 3745 109 3784 a
130 3725 220 3804 plebe
233 3725 373 3784 Romana
393 3724 479 3801 ignes
502 3743 569 3783 esse
591 3741 744 3784 accensos.
777 3744 845 3783 nam
868 3726 911 3784 itu
923 3725 1034 3784 Festus
1056 3743 1086 3802 p.
1103 3724 1177 3787 317:
1206 3727 1306 3789 Statue
1318 3738 1420 3794 matris

89 3827 275 3888 simulacrum
306 3829 337 3884 in
362 3827 433 3900 soro
466 3825 619 3885 colebatur.
658 3836 813 3902 postquam
844 3828 878 3885 id
902 3823 921 3898 i
948 3827 1127 3886 collastravit
1154 3847 1189 3887 oe
1216 3829 1328 3907 lapidea
1356 3839 1422 3911 ique

89 3936 338 4004 commperentur
359 3930 409 4002 qut
423 3926 545 4002 plurimi
559 3926 707 4002 (piurima
722 3927 803 4002 cod.)
824 3928 864 3985 ibi
878 3929 987 4003 fiebant
1005 3940 1141 3989 nocturno
1163 3941 1294 4007 tempore,
1316 3953 1423 4013 meque

86 4048 163 4106 pure
187 4029 293 4105 populi
320 4031 351 4086 iu
379 4045 446 4087 suos
475 4031 595 4104 quisque
619 4032 696 4086 uicos
723 4029 892 4087 rettulerunt
916 4032 976 4088 eiua
1003 4032 1073 4089 deae
1093 4031 1205 4089 cultum.
1249 4043 1421 4112 corruptum

88 4131 164 4190 illud
187 4130 367 4190 collastravit
387 4128 563 4188 Huschkius
584 4129 713 4187 correxit
734 4129 891 4204 scribendq
912 4131 992 4189 Cotta
1013 4135 1124 4188 saeuit
1157 4139 1189 4188 at
1210 4134 1279 4206 quis
1301 4145 1348 4194 est
1368 4138 1421 4196 ille

90 4231 184 4292 Cotta
204 4230 248 4290 sio
268 4231 348 4289 nude
369 4229 560 4288 nominatus?
589 4239 619 4288 et
640 4247 693 4287 cur
713 4247 773 4286 non
794 4229 893 4306 potius
914 4230 1053 4287 scribitur
1075 4229 1161 4287 Sullas
1181 4234 1303 4289 strauit?
1329 4236 1420 4293 modo

89 4353 127 4393 ne
150 4351 220 4391 cum
241 4331 378 4390 Prellero
400 4331 505 4407 (Myra.
524 4351 555 4408 p.
571 4329 645 4406 530)
669 4328 787 4389 Cottam
810 4327 962 4388 Sullamne
982 4329 1081 4387 forum
1102 4329 1253 4404 lapidibus
1275 4335 1420 4394 stravisse

89 4445 192 4512 putes,
214 4451 252 4491 ne
272 4433 357 4509 ignes
380 4431 482 4492 Statue
508 4433 625 4491 accensi
651 4430 801 4507 lapidibus
821 4436 969 4488 nocerent.
1013 4430 1096 4490 vides
1117 4431 1204 4488 illum
1225 4431 1421 4510 quiscumque

88 4537 148 4595 tuit
179 4534 323 4593 stravisse
356 4535 412 4592 hoo
440 4541 488 4593 est
519 4534 693 4610 deposuisse
727 4539 865 4601 statuam,
897 4539 930 4589 ut
961 4531 1082 4590 arbores
1115 4529 1234 4605 aliaque
1265 4531 1296 4589 id
1324 4551 1419 4610 genus

89 4635 186 4696 sterni
206 4633 354 4707 dicuntur,
380 4654 439 4712 quo
461 4635 541 4694 sacto
562 4635 683 4693 vicatim
704 4633 761 4692 dea
780 4633 835 4692 illu
855 4631 913 4690 coli
935 4641 1041 4709 coepta
1061 4638 1117 4690 est.
1159 4640 1264 4690 notum
1285 4642 1331 4692 est
1352 4654 1419 4696 eam

89 4735 266 4814 religionem
291 4736 330 4794 ab
358 4738 499 4815 Augusto
524 4736 704 4813 imperatore
730 4735 925 4793 instauratam
953 4751 1028 4792 esse.
1072 4737 1201 4792 osterum
1222 4732 1320 4793 iorum
1342 4737 1419 4815 lapi·

90 4837 182 4898 dibus
205 4843 331 4896 stratum
352 4837 449 4898 luisse
468 4847 536 4897 ante
557 4857 584 4896 a.
607 4837 679 4910 458,
706 4855 765 4912 quo
787 4836 853 4893 viae
872 4835 1011 4910 publicae
1035 4835 1067 4893 in
1088 4832 1162 4892 urbo
1182 4834 1276 4894 sterni
1297 4847 1420 4916 coeptae

91 4945 173 5010 sunt,
195 4946 429 4998 consentaneum
450 4946 506 5000 est.
548 4946 664 4998 remoto
684 4939 775 5015 igitur
797 4955 815 4995 u
834 4935 893 4994 fori
914 4954 984 4995 area
1006 4935 1166 4994 simulacro
1187 4935 1260 4995 deae
1280 4939 1421 5015 populari

90 5039 241 5117 religione
262 5047 293 5099 et
313 5058 395 5099 more
417 5059 463 5113 eo,
486 5041 537 5116 qui
558 5059 638 5100 nunc
659 5056 777 5116 quoque
799 5055 853 5114 per
874 5038 1004 5096 aestivos
1026 5053 1143 5099 menses
1161 5041 1275 5123 Romae
1296 5040 1420 5114 obtinet,

91 5139 201 5212 cultae,
222 5140 254 5198 iu
275 5140 344 5218 ipso
366 5142 485 5201 comitio
509 5151 561 5200 aut
581 5141 693 5201 mansit
713 5148 765 5198 aut
784 5139 981 5197 instauratum
1002 5147 1050 5199 est
1068 5142 1186 5219 coniugi
1207 5144 1272 5202 eius
1292 5157 1419 5201 sacrum.

91 5241 147 5302 sed
168 5240 252 5301 nullo
274 5261 341 5303 oum
364 5243 493 5303 Volcani
517 5243 662 5319 religione
689 5240 806 5300 vinculo
828 5237 948 5313 Quirini
972 5240 1004 5300 in
1029 5242 1107 5303 colle
1135 5261 1253 5302 sacrum
1274 5259 1421 5301 conexum

1159 5343 1216 5402 17*
