3582 5956
363 565 439 638 214
613 577 841 642 uueovnaou
857 577 906 628 ns
924 576 1028 629 conc.
1047 576 1094 629 aa
1112 575 1314 630 suonanou.
1332 577 1438 631 Pnov.

363 765 433 818 suut
454 754 603 834 perpetui,
630 753 721 813 annui
742 769 809 811 esse
831 751 945 823 solent,
973 759 1036 808 tum
1057 750 1137 826 quod
1158 751 1207 809 ius
1226 751 1275 809 vel
1297 751 1439 811 laudandi
1462 751 1510 810 vel
1530 755 1666 813 aceusaoffi

362 859 528 937 praesides,
549 855 630 933 quod
652 856 711 914 iam
734 853 790 914 sub
811 852 916 930 primis
938 852 1168 928 imperatoribus
1189 851 1340 912 habebant
1360 853 1490 914 concilia
1510 852 1595 930 (Tac.
1613 873 1667 914 aun.

237 1033 238 1038 η
365 963 418 1036 15,
435 960 489 1037 22)
518 959 607 1038 plane
636 955 741 1016 inutile
769 955 890 1026 suisset,
918 954 976 1013 nisi
1004 955 1166 1029 quotannis
1193 954 1355 1014 concilium
1380 957 1579 1016 convenisset.
1618 955 1668 1014 Ian

363 1081 434 1124 vero
461 1060 634 1121 testimonio
655 1065 788 1130 constat,
811 1055 1067 1132 Tripolitanorum
1089 1055 1250 1115 concilium
1272 1056 1368 1116 fuisse
1389 1076 1534 1130 annuum,
1562 1059 1669 1133 itemque

365 1163 560 1223 Germaniam
582 1169 613 1220 et
630 1159 781 1219 Etruriam
803 1175 917 1216 annuos
940 1156 1081 1215 habuisse
1104 1157 1290 1228 sacerdotes3
1312 1157 1496 1235 eandemque
1516 1177 1579 1218 rem
1597 1167 1670 1218 teste

363 1275 412 1324 tur
433 1266 522 1324 etiam
545 1262 666 1322 saeculo
688 1263 793 1338 quinto
815 1261 1026 1335 imperatorum
1043 1256 1170 1316 Honorii
1192 1267 1222 1317 et
1235 1256 1403 1320 Theodosii
1424 1260 1670 1320 constitutionum

364 1366 436 1438 418,
458 1365 496 1424 ad
519 1369 633 1442 septem
650 1362 770 1422 Galliae
792 1359 973 1437 provincias,
994 1359 1013 1417 i.
1029 1379 1054 1417 e.
1078 1359 1117 1417 ad
1138 1358 1299 1419 dioecesim
1315 1359 1518 1420 Viennensem
1541 1363 1670 1438 pertinens

364 1467 496 1544 (Haenel
518 1465 610 1544 corp.
633 1464 690 1542 leg.
719 1482 749 1541 p.
766 1461 840 1540 238)
867 1459 953 1521 cuius
980 1459 1055 1518 haee
1076 1461 1168 1519 verba
1194 1469 1278 1520 sunt:
1307 1480 1393 1538 quum
1414 1473 1534 1540 propter
1558 1467 1671 1540 pnoutor

363 1569 751 1646 espaulioouneocuaitoteu
772 1563 951 1639 domoalis
972 1561 1671 1642 mameae-&pometiamque

364 1671 406 1729 cci
430 1687 545 1728 nomm
572 1667 797 1743 magnificentiae
825 1675 890 1724 tuos
915 1665 963 1722 oei
989 1664 1141 1724 honoratos
1170 1667 1309 1741 cornum
1334 1666 1384 1725 oei
1406 1670 1482 1727 mitti
1507 1667 1612 1743 leontos
1633 1678 1674 1726 eru

360 1787 558 1848 poacoeoorum
584 1768 696 1827 utilitas
723 1778 774 1827 cut
795 1766 978 1843 publicorum
1003 1769 1079 1824 ratio
1105 1769 1201 1842 micci
1219 1769 1416 1842 sanctionum,
1441 1771 1563 1830 manime
1586 1789 1671 1846 oppor-

365 1884 461 1931 tunum
483 1881 509 1930 ct
530 1868 703 1930 conducibile
724 1869 899 1938 iudicamus,
921 1878 961 1938 ut,
983 1876 1097 1926 annoto
1114 1867 1239 1944 postico
1259 1872 1412 1945 quotannis
1433 1870 1557 1946 uinculis
1577 1889 1671 1930 consu

364 1975 470 2044 tudine,
492 1973 641 2032 constituto
663 1980 794 2047 tempore,
816 1972 847 2027 in
867 1968 1096 2044 metropolitano,
1117 1969 1150 2028 id
1169 1980 1211 2029 eat
1230 1973 1261 2028 in
1275 1969 1441 2030 Arelatensi
1453 1972 1532 2044 urbe,
1554 1976 1672 2050 incipiunt

364 2083 468 2152 septem
484 2075 655 2151 prouinciae
675 2073 777 2132 haben
798 2071 956 2131 conciliant

448 2176 481 2252 5)
504 2183 631 2248 constat,
653 2191 714 2232 non
735 2173 837 2233 omnia
856 2173 1030 2251 provinciae
1051 2172 1164 2250 oppida
1184 2172 1224 2232 ad
1244 2173 1404 2233 concilium
1424 2175 1545 2236 misisse
1565 2176 1671 2254 legatos,

365 2278 419 2338 sed
440 2285 553 2337 certum
574 2294 730 2336 numerum
744 2294 847 2336 earum
861 2275 1025 2346 civitatum,
1046 2274 1157 2351 quibus
1171 2275 1288 2334 minora
1302 2275 1414 2354 oppida
1427 2278 1569 2339 attributa
1581 2287 1670 2338 essent

362 2379 427 2440 Eae
448 2379 584 2438 civitates
604 2378 636 2437 in
653 2376 763 2438 Galliis
784 2377 881 2438 tribus
903 2393 1026 2437 numero
1046 2376 1131 2435 fuere
1153 2376 1202 2450 64,
1224 2377 1256 2437 in
1270 2377 1394 2438 Etruria
1408 2379 1458 2451 15,
1478 2380 1510 2438 in
1524 2378 1615 2457 Lycia
1632 2379 1672 2440 23.

364 2481 608 2543 Consentaneum
629 2479 720 2557 igitur
739 2487 795 2552 est,
817 2479 855 2538 ad
877 2477 1005 2538 eoncilia
1025 2477 1198 2555 provinciae
1219 2496 1340 2555 quoque
1353 2480 1544 2556 pertinuisse,
1566 2483 1671 2559 quodie

363 2584 515 2662 plerisque
540 2581 703 2658 provinciis
728 2589 828 2640 certus
852 2597 994 2640 numerus
1017 2579 1169 2639 civitatum
1191 2581 1373 2640 constitutus
1394 2580 1465 2655 tuit,
1491 2581 1522 2641 in
1544 2584 1615 2643 Asia
1633 2583 1672 2654 u,

364 2685 395 2743 in
419 2684 519 2762 Bouto
540 2682 721 2760 Bithyniaoo
746 2685 798 2755 ll,
826 2681 857 2740 iu
884 2682 982 2741 Ponto
1003 2681 1218 2741 Polemoniaco
1241 2681 1275 2755 6,
1301 2683 1333 2740 in
1354 2681 1473 2760 Oyrene
1496 2685 1524 2744 5.
1569 2683 1622 2746 seu
1643 2685 1672 2743 de

364 2784 420 2844 hac
451 2783 672 2860 provinciarum
707 2784 840 2844 omnium
872 2783 1023 2844 communi
1055 2784 1242 2846 institutione
1276 2783 1456 2862 explicatius
1488 2785 1603 2846 dicendi
1626 2786 1673 2846 alia

364 2884 485 2946 dabitur
505 2886 633 2946 occasio.

1387 3023 1413 3083 1.
1437 3025 1639 3094 Maaovmr.
