3582 5956
336 593 407 665 188
924 591 1070 648 nnnzsn

334 687 1649 724 Μ
1756 709 1757 740 l

334 788 371 847 de
397 785 604 861 Augustorum
631 770 809 833 necessariis
837 768 940 828 eadem
968 767 1019 826 lex
1046 763 1182 836 videatur
1208 762 1368 821 observate
1393 779 1470 821 esse.
1515 757 1651 834 Quamvis

336 895 433 948 sutem
460 901 498 942 ex
525 877 648 939 erbitrio
674 873 841 950 principum
868 869 949 930 bend
975 887 1044 927 rere
1069 877 1132 926 turn
1158 863 1334 924 consulatus
1359 863 1524 940 dispositos
1545 869 1651 922 esseet
1756 897 1757 914 .

335 990 407 1049 sesti
429 982 588 1045 ostendant
608 987 638 1037 et
658 976 695 1036 de
710 973 826 1033 Tiberii
847 979 927 1030 certe
948 976 1044 1030 astute
1058 967 1120 1029 Dio
1138 962 1316 1041 affirmet¹)‚
1339 965 1433 1024 nihilo
1447 973 1549 1023 tamen
1564 964 1652 1022 minus
1756 1039 1757 1044 η

336 1111 373 1152 eo
394 1098 527 1164 tempore
548 1079 679 1142 dubitari
701 1075 812 1152 nequit,
835 1073 906 1151 quin
928 1079 1072 1131 semestre
1092 1068 1183 1127 luerit
1202 1066 1411 1126 consulatuum
1433 1073 1553 1144 tempus
1566 1064 1653 1142 legiti-
1756 1145 1757 1168 Χ

337 1211 428 1254 mum.
463 1187 564 1246 Etiam
586 1183 640 1242 sub
655 1178 777 1240 Nerone
798 1175 828 1235 id
849 1175 881 1234 in
903 1191 959 1232 usn
981 1171 1128 1231 mansisse
1150 1187 1209 1227 non
1226 1166 1386 1230 Suetonius
1402 1167 1490 1244 (Ner.
1506 1168 1557 1245 15)
1574 1166 1654 1224 modo
1756 1213 1757 1224 ,

337 1301 448 1363 namet,
471 1306 538 1348 cum
561 1281 734 1343 consulatus
755 1279 787 1338 in
809 1293 899 1337 senos
920 1275 1096 1352 plerumque
1117 1287 1237 1330 menses
1258 1289 1326 1330 eum
1344 1270 1463 1329 dedisse
1479 1269 1591 1340 scribit,
1609 1267 1654 1327 sed

338 1399 531 1455 monumenta
551 1403 672 1463 quoque
694 1381 885 1442 confirment:
908 1397 976 1438 nam
999 1392 1075 1452 quae
1097 1382 1258 1450 supersunt
1278 1379 1348 1430 acts
1366 1372 1493 1430 fratrum
1509 1369 1654 1429 Arvalium

339 1514 418 1557 enno
441 1489 581 1553 certene
608 1486 668 1545 duo
696 1492 809 1543 tentum
837 1480 930 1552 fuisse
957 1483 1104 1538 testantur
1130 1474 1288 1534 consulum
1314 1473 1415 1551 paris,
1441 1491 1497 1532 nec
1522 1472 1560 1531 de
1580 1471 1655 1530 annis

339 1595 458 1674 imperii
478 1588 646 1652 Neroniani
667 1583 881 1663 posterioribus
904 1580 965 1639 ulle
986 1579 1130 1637 hebemus
1151 1575 1335 1647 testimonie,
1361 1574 1471 1652 quibus
1493 1572 1656 1635 consulatus

340 1708 412 1758 tunc
436 1695 523 1757 sliter
549 1689 702 1749 ordinatos
729 1702 796 1746 esse
822 1691 973 1761 apparent.
1016 1678 1097 1739 Nem
1122 1678 1202 1755 quod
1227 1678 1292 1755 ipse
1313 1675 1398 1736 Nero
1424 1697 1441 1734 e
1462 1675 1656 1736 consulatibus

341 1807 488 1878 quattuor.
502 1790 664 1854 secundnm
689 1786 809 1865 quidem
830 1793 860 1844 et
880 1783 1076 1843 novissimum
1097 1780 1193 1860 gessit
1212 1787 1388 1851 semestres,
1416 1779 1549 1854 primum
1569 1785 1656 1836 auum

342 1901 530 1966 bimestrem,
555 1891 673 1952 tertium
694 1889 941 1966 quadrimestrem
963 1881 1057 1961 (Suet.
1080 1881 1102 1940 l.
1117 1900 1142 1940 c.
1167 1879 1235 1956 14),
1262 1879 1294 1938 id
1315 1880 1355 1938 ad
1375 1879 1551 1939 consulatus
1571 1878 1656 1954 prisa-

343 2012 441 2060 torum
463 2014 523 2055 uon
543 1992 688 2072 pervenit,
710 2008 776 2049 cum
797 1989 994 2065 imperatores
1015 1992 1045 2043 et
1065 1985 1118 2060 qui
1138 1990 1367 2060 praecesserunt
1381 1989 1412 2041 et
1425 1980 1479 2058 qui
1494 1978 1587 2040 secuti
1599 1985 1657 2039 sunt

342 2103 442 2162 fasces
468 2117 508 2158 ex
531 2094 655 2155 arbitrio
677 2111 731 2168 per
751 2101 868 2167 tempus
890 2087 980 2148 modo
1001 2086 1122 2162 longius
1144 2084 1233 2144 modo
1254 2083 1374 2143 brevius
1397 2081 1549 2141 tenuerint
1569 2080 1616 2156 (cl.
1634 2099 1656 2138 e.

343 2223 371 2282 g.
393 2202 466 2262 festi
485 2194 676 2270 Domitiani).
720 2190 809 2265 Quod
834 2208 930 2268 nuper
951 2186 1116 2265 disputavit
1137 2183 1279 2246 Stobbius
1306 2183 1500 2263 (Philologus
1521 2179 1656 2242 xxxii

342 2324 373 2382 p.
389 2301 469 2378 266)
494 2300 571 2358 inter
595 2297 709 2374 primos
729 2294 827 2352 iesces
849 2300 879 2351 et
898 2299 1069 2370 postremos
1091 2287 1162 2346 enni
1177 2286 1216 2346 68
1237 2284 1413 2345 inserendos
1434 2303 1506 2346 esse
1525 2285 1566 2345 Μ.
1587 2283 1657 2360 Ulpii

343 2404 468 2466 Traiani
493 2399 604 2478 patris,
630 2397 663 2455 id
688 2405 735 2455 est
760 2393 894 2452 nundina
919 2391 983 2450 eius
1010 2389 1079 2449 enni
1100 2385 1332 2466 qusdrimcstrie
1352 2386 1463 2460 fuisse,
1494 2387 1606 2446 etiamsi
1628 2383 1657 2442 de

343 2506 476 2566 Traiano
502 2499 624 2560 consule
651 2504 731 2556 reete
752 2491 949 2569 iudicavitl),
976 2499 1120 2550 mutatam
1142 2506 1211 2550 esse
1233 2487 1408 2548 consulatus
1429 2489 1576 2548 rationem
1601 2485 1658 2545 iude

344 2622 533 2684 nequequam
557 2599 701 2675 sequitur.
744 2594 823 2656 Nem
845 2612 925 2653 enno
941 2594 979 2654 68
1001 2591 1142 2653 consules
1163 2589 1332 2649 ordinarios
1353 2599 1419 2648 ants
1440 2599 1550 2668 tenpus
1570 2589 1658 2648 locem

342 2708 471 2786 privent
485 2700 567 2761 Nero
589 2709 673 2774 etqua
693 2700 724 2754 in
745 2699 895 2772 utriusqus
916 2696 1005 2754 locum
1026 2693 1105 2752 solae
1126 2695 1191 2751 iniit
1204 2690 1380 2750 ementatum
1401 2689 1501 2767 (Suet.
1516 2690 1586 2762 Ner.
1600 2688 1659 2764 li);

345 2811 418 2868 item
445 2805 472 2864 si
497 2820 530 2859 re
551 2818 623 2858 vere
646 2806 717 2873 post
742 2805 868 2856 mortem
889 2796 954 2856 eius
975 2795 1107 2855 inierunt
1127 2792 1278 2853 Traianus
1300 2800 1331 2852 et
1350 2791 1501 2867 Bolanus,
1528 2793 1582 2852 bos
1601 2811 1659 2850 con·

348 2907 429 2968 snles
457 2902 631 2978 designatos
658 2914 725 2958 esse
753 2897 891 2956 sollemni
918 2896 1021 2956 ordine
1048 2895 1118 2954 inde
1144 2901 1208 2953 tuto
1235 2894 1376 2972 colligere
1402 2914 1463 2954 non
1492 2895 1576 2967 licet,
1604 2911 1658 2951 cun

347 3013 472 3087 urgente
498 3010 632 3077 tempore
659 2997 773 3059 Neroni
800 2998 939 3058 defuncto
967 2998 1047 3057 credi
1076 2996 1194 3075 possint
1221 2995 1337 3055 suffecti
1365 3013 1441 3055 esse.
1487 2994 1660 3072 Quapropter

348 3124 529 3188 quemquem
552 3100 692 3162 consules
713 3117 768 3159 sex
789 3118 868 3160 enno
884 3098 923 3158 68
945 3105 1063 3177 praeter
1076 3095 1237 3158 Caesarem
1252 3097 1390 3157 videntur
1410 3098 1512 3160 fasces
1533 3097 1659 3178 gessisse,

349 3210 584 3289 qusdrimestres
605 3201 778 3264 consulatus
799 3206 870 3260 tunc
890 3198 986 3260 inisse
1007 3199 1129 3258 minime
1150 3205 1276 3258 constet.

351 3417 554 3433 ...ῃ-,-

428 3585 453 3647 ¹)
480 3583 534 3634 Dio
548 3581 596 3644 58,
611 3581 659 3632 202
682 3577 728 3630 suiv
754 3571 776 3627 δ’
795 3549 845 3628 civ'
859 3567 953 3628 ὗπᾶτων
976 3565 990 3626 0⁸
1008 3571 1051 3646 pic
1070 3570 1196 3644 Δομίτιος
1214 3569 1247 3626 δι’
1265 3571 1333 3636 ἔτους
1351 3567 1409 3646 ἦρξι
1429 3611 1583 3641 .........
1606 3573 1628 3626 si
1643 3567 1660 3624 δ’

353 3667 433 3728 ἄλλοι
458 3662 489 3732 ὅς
510 3689 556 3722 που
578 3667 612 3734 τῷ
630 3664 742 3737 Τιβιρῖῳ
766 3665 847 3736 ἶθοξι.
878 3655 936 3726 seris
958 3663 1001 3736 pir
1022 3654 1070 3736 γιῖρ
1093 3663 1132 3717 let
1150 3655 1313 3737 pespdsspsv,
1339 3659 1396 3727 reris
1415 3665 1443 3720 di
1461 3667 1502 3720 tul
1520 3655 1660 3741 βραχᾶπρον

354 3759 383 3818 ἃν
401 3757 485 3837 ᾑρεῖτο
504 3756 547 3812 καὶ
563 3747 622 3818 reric
638 3756 681 3828 piu
700 3754 736 3809 tn
754 3757 795 3809 sai
813 3755 916 3810 θῖἶσσον
933 3755 978 3810 τοῦ
994 3747 1141 3827 aasaypivsu
1160 3742 1327 3823 ἇηῆλλασσι,
1353 3765 1407 3820 τοῖς
1430 3757 1458 3811 di
1475 3759 1519 3812 sai
1537 3759 1573 3810 tat
1589 3760 1660 3810 sitias

354 3847 446 3926 ἔρχιιν
469 3847 562 3902 tettae.
598 3841 645 3914 ἤδη
668 3847 696 3901 bi
719 3849 760 3901 aul
783 3847 807 3909 t<
831 3837 892 3901 disc
913 3837 956 3900 siv
980 3839 1088 3900 iusseris
1109 3841 1245 3918 ἆποδιὶξης
1263 3840 1366 3900 ἅντινα
1384 3849 1473 3904 hines
1491 3849 1536 3921 piu
1552 3847 1659 3910 milon,

355 3940 437 4013 inpos
461 3938 489 3992 δ)
513 3934 556 3993 καὶ
579 3929 653 3994 αὖθις
677 3935 758 4009 ἕτερον
782 3938 964 4005 inradiare·
989 3937 1033 3991 sei
1053 3957 1120 3999 τινας
1139 3933 1180 3990 aei
1201 3938 1226 4000 Ις
1242 3937 1326 4010 τρίτον
1345 3939 1441 4011 iripsuc
1457 3931 1661 4016 προχιιριζὸμενος

355 4029 411 4087 εἶτα
433 4023 531 4091 ἄλλους
547 4019 673 4083 &assuisse
689 4021 737 4101 sepe*
755 4024 832 4082 αὖτὸν
850 4024 908 4082 dvs’
926 4029 1012 4101 ἓτίρων
1031 4025 1122 4083 tectu.
1153 4029 1267 4102 καὶπερὶ
1287 4029 1330 4102 piu
1346 4023 1405 4092 sude
1420 4024 1526 4093 ιῖπᾶτους
1541 4030 1612 4084 saise
1627 4017 1661 4080 tn*

354 4115 436 4191 ndens
453 4115 484 4183 cis
502 4121 581 4176 strato
598 4120 641 4189 τῆς
658 4115 789 4194 ἡγεμονίας
805 4115 880 4175 uisui
897 4117 1014 4193 iyiyvsss.

431 4233 456 4298 ¹)
483 4234 526 4286 De
550 4249 582 4287 ee
604 4249 633 4286 re
657 4235 768 4300 amplius
790 4235 843 4299 egit
864 4234 893 4284 in
917 4232 1080 4307 ephemeride
1103 4231 1199 4286 Philet.
1224 4231 1349 4300 amnas
1375 4237 1446 4286 1870
1468 4251 1495 4302 p.
1509 4236 1573 4297 769,
1596 4245 1660 4298 qnam

354 4327 471 4379 nondum
494 4326 600 4378 sliatsm
617 4326 646 4376 ln
664 4325 755 4376 urbem
773 4338 827 4374 non
844 4324 918 4374 licuit
936 4325 1077 4376 consulere.
1113 4324 1175 4376 Fuit
1192 4330 1279 4376 entem
1298 4325 1426 4377 Trsisnus
1446 4341 1515 4378 anno
1528 4327 1561 4378 67
1578 4324 1660 4388 lesem

354 4419 464 4485 legionis
482 4417 598 4468 decimes
618 4414 735 4481 (Ioseph.
755 4415 781 4466 b.
799 4415 822 4466 Ι.
840 4415 897 4478 111,
919 4415 944 4479 ⁷,
959 4417 1006 4467 stc
1032 4404 1156 4481 'l'psseve'c
1175 4402 1232 4466 dm
1250 4411 1295 4465 seii
1314 4405 1415 4466 iudces
1432 4404 1556 4485 τᾶγμιτος
1570 4397 1660 4482 sirpt't·

354 4526 378 4558 κ.
391 4526 416 4559 τ.
431 4507 487 4576 λ),
513 4521 591 4574 quern
614 4521 683 4558 suno
706 4505 852 4571 insequenti
869 4505 939 4557 rexit
954 4505 1063 4558 Lusus
1080 4505 1193 4571 Lepidus
1212 4505 1245 4568 (Ι.
1259 4521 1281 4558 c.
1300 4508 1354 4568 VI,
1369 4509 1399 4571 4,
1415 4509 1444 4572 ὃς
1469 4509 1502 4559 cf.
1520 4506 1609 4560 Reniar
1624 4515 1660 4550 nr

357 4597 394 4649 les
411 4597 522 4666 <anicien
539 4599 584 4664 qui
600 4593 746 4669 cunnberti
764 4612 799 4646 au
815 4595 911 4647 censat
927 4593 959 4647 de
973 4610 1064 4664 puerve
1082 4603 1138 4648 tenc
1153 4613 1205 4665 pur
1221 4595 1293 4648 Titus
1311 4605 1359 4650 cet.
1377 4614 1403 4665 p.
1418 4598 1472 4660 83).
1508 4599 1583 4649 Δηηο
1597 4593 1661 4658 igitur

357 4686 393 4739 67
411 4693 521 4738 exeunte
538 4687 581 4738 vel
598 4687 633 4739 68
652 4687 679 4738 in
697 4687 788 4738 urbem
805 4686 906 4738 videtur
924 4687 1067 4738 revertisse.
1097 4689 1178 4740 Anno
1196 4687 1291 4740 deinde
1305 4689 1339 4740 79
1359 4703 1417 4739 eum
1434 4688 1569 4754 proconsul
1582 4684 1659 4738 Asiffl

356 4775 818 4840 sdmiuistrsritld.1.(lr.39353
849 4777 882 4829 ei.
906 4776 1039 4830 sethus
1063 4794 1089 4844 p.
1108 4778 1186 4841 485),
1213 4785 1320 4846 propter
1342 4779 1508 4843 decennium,
1532 4776 1597 4844 quod
1616 4780 1660 4822 mn

354 4867 424 4917 iuter
449 4865 610 4918 consuletum
633 4875 660 4920 et
681 4869 892 4934 proconsulatum
915 4867 1075 4921 intercedere
1100 4869 1213 4934 solebst,
1239 4884 1292 4922 nou
1315 4871 1370 4922 sine
1394 4870 1572 4936 prebebilitete
1591 4865 1659 4916 tutes

356 4957 412 5008 eius
439 4957 474 5008 sd
501 4971 598 5008 annum
621 4959 655 5009 68
683 4959 836 5010 referuntur.
882 4960 971 5012 Artes
996 4960 1066 5012 enlm
1096 4963 1257 5012 consulstmn
1284 4975 1337 5012 non
1365 4967 1450 5026 potest
1473 4960 1588 5027 ausisse,
1612 4964 1659 5004 Μ

356 5060 426 5098 euno
444 5047 478 5098 67
504 5047 584 5098 fuisse
609 5048 727 5100 videatur
750 5051 894 5116 praetorius
917 5057 1005 5117 utpote
1028 5051 1125 5117 legioni
1147 5030 1318 5118 prsepositus.
1362 5051 1496 5104 similibus
1523 5041 1658 5115 eramen&

355 5135 482 5204 sdductus
499 5135 656 5202 Borghesius
669 5141 784 5218 Vettium
803 5141 933 5194 Belenum
956 5142 1137 5209 proconsulem
1155 5143 1238 5194 Asise
1256 5155 1325 5194 enno
1345 5143 1436 5195 eodem
1456 5141 1554 5209 (oppd
1571 5154 1593 5204 p·
1605 5128 1657 5192 ²⁸⁹)

356 5233 382 5276 et
399 5229 484 5293 ipsum
503 5242 572 5279 sano
586 5229 620 5281 68
639 5229 738 5282 Neroni
757 5232 890 5285 suffectum
910 5248 965 5286 esse
984 5233 1095 5286 coniecit
1113 5233 1141 5296 (l.
1155 5241 1178 5286 c.
1197 5234 1216 5283 4
1233 5248 1259 5297 p.
1273 5233 1347 5296 407).
