3610 5956
560 1231 1017 1360 ADDITAMENTA

416 1441 489 1523 AD
520 1440 780 1524 CORPORIS
810 1439 1067 1523 totunm
1095 1439 1161 1522 ru.

685 1695 889 1704 --—-—..

291 1887 444 2030 ,ssl
491 1883 607 1991 tal
654 1879 771 1988 luz-l
817 1879 1098 2059 lgm-sl
1145 1883 1259 1988 lor-l
1307 1886 1416 1988 ls-

292 2031 309 2063 η
817 2033 834 2056 r.
853 2019 859 2058 i
882 2032 936 2059 samo
951 2013 968 2074 ξ
1115 2034 1132 2066 0

285 2066 438 2114 ..ἡ
502 2106 600 2113 *-
664 2103 765 2110 m-
825 2067 1253 2146 “Em—3*
1315 2101 1417 2109 ——

286 2119 311 2171 Ζ
783 2135 806 2165 no
952 2131 968 2162 π

265 2200 430 2287 ss⁶1x‚4
510 2227 591 2289 unc
673 2150 1228 2339 rx,2{1x‚1}1,1{1,t
1315 2225 1381 2273 'u

163 2405 270 2414 ’.-
339 2401 438 2407 -.—-
501 2401 602 2409 ——
664 2397 765 2406 ——-—-
827 2400 924 2408 ——.
992 2399 1093 2407 ..ι-.-
1153 2397 1254 2408 ...—

209 2184 268 2400 l

207 3001 329 3061 Ruinee
346 3002 549 3078 Pompeianae
571 3022 638 3060 cum
661 3001 798 3060 Fiorellii
820 3019 893 3060 cura
913 3002 974 3059 ium
996 3002 1074 3060 sicut
1095 3001 1199 3061 ordine
1221 3015 1302 3063 certo
1323 3007 1367 3064 ita
1387 3027 1455 3066 oon·

131 3101 210 3160 tiana
235 3121 331 3181 opere
357 3112 512 3175 eruantur,
539 3103 614 3162 nulli
639 3103 869 3180 inscriptionum
890 3101 1066 3160 Latinarum
1092 3103 1194 3178 generi
1220 3107 1317 3182 magis
1339 3109 1370 3165 in
1392 3108 1456 3166 dies

130 3221 236 3262 norum
258 3204 485 3262 incrementum.
498 3204 686 3263 subnascitur
706 3221 796 3279 quem
818 3203 865 3261 illi
885 3203 967 3278 quod
987 3203 1216 3278 parietariarum
1237 3207 1357 3266 nomine
1378 3227 1457 3266 com-

129 3304 350 3378 prehendimus.
394 3303 482 3362 Unde
507 3305 617 3362 fuctum
644 3311 705 3375 est,
733 3313 767 3361 ut
793 3304 876 3362 brevi
901 3303 1058 3362 intervallo
1085 3314 1155 3380 post
1180 3305 1291 3364 editum
1318 3317 1457 3383 quartum

130 3405 265 3464 volumen
294 3406 355 3464 iem
382 3424 442 3464 nou
467 3423 563 3480 peuce
590 3405 724 3482 syllogus
746 3414 867 3463 nostrae
889 3404 1096 3481 supplementa
1116 3406 1282 3480 prodierint
1302 3427 1341 3466 ex
1360 3409 1457 3485 iisque

129 3507 246 3580 potiora
273 3506 423 3582 quaedam
451 3506 563 3564 selectu
589 3506 659 3563 huic
684 3505 787 3564 libello
814 3505 904 3563 inseri
927 3505 1055 3580 possint.
1100 3504 1211 3583 Oppidi
1238 3517 1353 3584 partes,
1382 3529 1458 3586 quae

131 3604 196 3664 inde
223 3609 261 3666 ab
288 3625 369 3666 anuo
393 3606 472 3666 1868
498 3615 633 3664 extremo
660 3605 750 3664 effodi
776 3613 899 3682 coeptae
926 3615 1007 3678 sunt,
1034 3624 1100 3664 cum
1122 3607 1153 3665 in
1173 3606 1271 3666 forma
1290 3619 1394 3669 nostre
1414 3611 1458 3670 IV

130 3708 188 3766 tub.
206 3709 234 3766 A
256 3709 372 3779 desint,
400 3706 443 3766 ita
469 3707 631 3765 delineatae
658 3725 750 3783 supra
775 3706 926 3778 dedimus,
956 3715 988 3764 ut
1013 3707 1132 3782 singula
1157 3708 1225 3766 loca
1248 3709 1337 3770 facile
1359 3720 1390 3770 et
1409 3714 1459 3772 de·

132 3809 221 3868 scribi
242 3830 261 3869 a
282 3809 372 3867 nobis
394 3818 424 3866 et
444 3807 567 3884 reperiri
590 3826 608 3865 a
629 3807 797 3884 legentibus
819 3815 952 3882 possent.
990 3805 1068 3868 Sunt
1088 3819 1185 3868 eutem
1203 3811 1321 3870 insulae
1336 3814 1460 3889 viaeque

131 3910 217 3968 avie
239 3909 389 3971 Stabiane
415 3909 561 3968 orientem
583 3926 687 3968 versus
715 3909 791 3966 sitae
817 3909 951 3985 exceptis
978 3909 1016 3966 iis
1041 3927 1116 3984 quus
1138 3911 1222 3986 prius
1244 3911 1375 3971 detectus
1399 3925 1460 3974 tam

132 4021 233 4069 nostra
257 3983 413 4070 tabule]
438 4028 527 4086 quam
552 4011 650 4068 forme
675 4010 706 4067 in
735 4009 874 4069 Giomale
899 4009 975 4085 dagli
1000 4014 1079 4069 scoot
1106 4012 1138 4068 di
1162 4011 1278 4087 Pompei
1304 4011 1321 4070 1
1349 4013 1460 4092 (1868)

131 4113 219 4171 tabl
245 4112 329 4171 edite
356 4111 496 4170 ostendit.
540 4108 625 4168 Caeli
649 4110 821 4186 regionibus
849 4110 897 4168 hic
925 4127 1044 4186 quoque
1070 4111 1225 4170 brevitatis
1250 4130 1341 4171 ceusu
1362 4115 1461 4174 minus

131 4221 270 4272 accurate
291 4215 336 4272 ita
357 4229 430 4272 usus
452 4230 527 4283 sum,
550 4218 583 4268 ut
604 4210 736 4288 exempli
756 4210 854 4287 gratia
875 4210 954 4268 riam
971 4209 1145 4270 Stabianum
1167 4231 1186 4269 a
1207 4214 1409 4288 septentrione
1430 4215 1461 4274 iu

131 4314 287 4373 meridiem
310 4313 425 4390 porrigi
447 4330 603 4372 sumerem.

157 4577 159 4580 -
256 4540 321 4598 AD
345 4538 691 4600 GANDIDATORVM
712 4537 1041 4599 PROGRAMMATA
1062 4537 1339 4613 ANTIQVIORA.

132 4694 194 4755 147
218 4697 251 4755 in
274 4697 392 4772 pariete
414 4695 552 4754 orientali
572 4695 689 4754 insulae
711 4694 859 4753 secundae
879 4695 1010 4770 regionis
1025 4693 1074 4754 IX
1095 4713 1190 4772 prope
1211 4697 1289 4754 viam
1312 4695 1411 4768 Balbi,
1434 4703 1463 4756 in

172 4796 269 4856 letters
295 4800 351 4873 piis
377 4799 485 4872 prandi
513 4797 548 4854 ad
572 4795 683 4854 antiche
706 4811 824 4868 ruens,
853 4795 904 4871 qui
933 4805 1032 4854 utrum
1059 4796 1091 4854 in
1111 4797 1243 4856 'tectorio
1270 4816 1308 4855 en
1337 4799 1368 4856 in
1397 4799 1463 4874 ipso

172 4897 277 4976 lapide
301 4915 362 4956 non
384 4898 522 4956 dealbato
544 4898 625 4973 picta
647 4897 685 4955 sit
707 4915 766 4955 non
787 4897 906 4954 indicat.
1016 4886 1019 4892 ’

720 5031 763 5090 1.·
781 5029 887 5090 CAES

134 5167 155 5226 l.
177 5169 215 5228 dc
238 5168 337 5229 Petra
360 5169 498 5230 Giornole
518 5170 597 5247 dagli
617 5173 697 5228 cccvi
718 5169 748 5225 di
769 5167 887 5244 Pompei
907 5167 940 5225 ll
962 5167 1071 5244 (1871)
1094 5188 1123 5245 p.
1143 5168 1200 5227 162
1222 5189 1251 5228 n.
1267 5168 1295 5226 5.

1223 5271 1242 5326 4
