3610 5956
532 594 830 648 OBSERVATIONES
846 594 966 647 EPIGR.
986 595 1026 646 11.

645 767 687 826 M.
711 764 830 826 Silanus

325 889 327 892 ’
372 863 1072 961 Μ
1095 899 1245 962 onustas

407 1000 470 1042 eos.
494 981 554 1042 729

271 1065 647 1280 msumusiaoomrua
707 1185 1447 1284 mm

507 1296 654 1358 Calvina?
707 1299 741 1360 C.
758 1301 779 1358 1.
794 1301 835 1359 Μ.
851 1321 880 1359 n.
939 1299 972 1360 C.
992 1302 1012 1359 1.
1029 1321 1090 1360 cos.
1154 1304 1243 1364 lanus
1304 1303 1401 1366 Silani
1414 1309 1436 1366 f.

676 1383 899 1443 actosa-10
933 1383 1096 1469 tss=15
1292 1387 1447 1467 Torquate

139 1551 266 1610 Aemilia
287 1578 325 1606 υ
349 1550 390 1608 M.
407 1547 527 1610 Silanus
538 1548 579 1607 M.
594 1548 615 1606 1.
693 1547 729 1607 C.
754 1464 870 1625 Apipius
975 1467 1063 1608 Irinia
1085 1579 1123 1606 υ
1146 1549 1182 1610 C.
1198 1550 1314 1612 Caesar

144 1633 256 1710 Lepida
398 1631 571 1706 Torquatus
722 1630 845 1691 Silanus
944 1631 1096 1692 Claudilla
1194 1635 1265 1712 imp.

126 1717 272 1794 proneptis
360 1733 422 1774 cos.
440 1715 499 1772 772
513 1740 550 1764 =
566 1715 603 1773 19
679 1732 739 1772 cos.
751 1713 851 1772 781=
861 1713 899 1774 28

136 1801 260 1876 Augusti

141 1968 1426 2079 mmmmm

136 2087 373 2147 natus767=l4
415 2095 523 2163 quotus
540 2086 579 2143 M.
596 2084 641 2146 Si·
727 2085 848 2146 Silanus
922 2085 1018 2146 Silani
1040 2087 1116 2145 Tor·
1207 2089 1228 2148 f.
1252 2088 1379 2150 Calvina

187 2189 247 2232 cos.
273 2171 313 2229 46
420 2169 483 2228 lani
494 2169 527 2239 1.,
542 2175 630 2226 natus
699 2169 871 2244 Torquatus
906 2171 989 2245 quati
1004 2169 1024 2226 i.
1041 2181 1135 2245 nupta
1190 2183 1283 2248 nupta
1296 2172 1333 2231 L.
1349 2173 1395 2233 Vi-

386 2272 414 2311 a
431 2250 535 2310 aut23
552 2250 668 2324 antii,
729 2269 790 2310 cos.
814 2252 852 2310 53
943 2249 1103 2311 C.Cassio
1256 2256 1340 2314 tellio

380 2351 511 2411 sponsus
528 2332 672 2393 Octaviae
956 2333 1094 2411 Longino

400 2415 521 2477 ouum
536 2417 607 2493 imp.
622 2415 643 2476 r.

144 2571 177 2630 1..
190 2573 296 2632 lunius
312 2569 360 2633 Si-

135 2654 215 2714 lanus
230 2655 373 2732 Torqua·

176 2748 221 2798 tus
242 2738 261 2810 †
283 2738 322 2797 65

129 2883 194 2946 Non
218 2888 388 2966 recepimus
411 2885 446 2946 C.
472 2886 594 2946 Iunium
616 2883 651 2946 C.
678 2886 699 2945 1.
723 2885 858 2948 Silanum
885 2905 946 2948 cos.
968 2908 996 2948 a.
1014 2889 1089 2962 738,
1117 2909 1177 2950 non
1200 2893 1268 2951 ausi
1289 2912 1357 2952 cum
1379 2893 1453 2952 Bor·

129 2987 226 3064 ghesio
254 3007 442 3066 praenomen
469 2989 565 3064 patris
595 3007 633 3046 ex
663 2986 741 3046 Gaio
768 2989 799 3047 in
827 2989 962 3050 Marcum
990 2997 1121 3065 mutare,
1148 3011 1203 3051 nec
1224 2995 1321 3072 magis
1349 2993 1384 3053 1..
1409 2994 1456 3055 Si·

128 3087 208 3148 lsuos
229 3083 306 3149 duos
329 3090 503 3148 consulatus
524 3089 682 3165 petitorem
705 3107 732 3146 a.
749 3089 808 3148 733
831 3091 971 3162 alterum,
995 3091 1121 3150 alterum
1144 3093 1298 3153 consulem
1319 3113 1343 3154 o.
1361 3079 1454 3155 asli.

128 3189 283 3250 Praeterea
298 3189 338 3264 Q.
354 3189 504 3251 Caecilius
518 3190 559 3249 M.
574 3189 595 3248 1.
611 3189 751 3248 Metellus
767 3186 904 3249 Creticus
919 3193 1023 3250 consul
1043 3213 1070 3251 a.
1085 3213 1114 3250 u.
1131 3213 1157 3252 c.
1174 3193 1234 3252 760
1247 3219 1284 3244 =
1301 3214 1330 3271 p.
1347 3194 1419 3255 Chr.
1437 3199 1453 3255 7

128 3300 220 3351 aetate
245 3301 407 3368 provectus
431 3293 492 3351 iam
518 3301 549 3351 et
574 3291 743 3350 consularis
770 3289 931 3368 adoptatus
957 3291 997 3350 sit
1022 3311 1143 3352 necesse
1165 3304 1212 3352 est
1233 3313 1252 3352 a
1272 3295 1360 3354 lunio
1381 3314 1455 3371 quo·

128 3389 192 3450 dam
218 3391 340 3466 Silano,
371 3394 450 3452 unde
485 3393 551 3470 ipse
584 3402 691 3468 postea
719 3391 828 3450 dicitur
854 3390 975 3450 Sdaoua
1005 3393 1145 3466 Creticus,
1171 3394 1235 3452 iilia
1260 3397 1340 3466 eius,
1369 3398 1455 3456 cuius
1503 3449 1509 3458 .

128 3492 253 3571 elogium
280 3513 379 3570 nuper
403 3493 515 3571 optima
541 3493 672 3552 restituit
692 3492 854 3552 Henzeuus
882 3492 933 3567 (iu
959 3495 1034 3553 actis
1063 3494 1146 3553 acad.
1168 3495 1269 3555 Berol.
1292 3497 1457 3558 minoribus

132 3591 215 3668 1866,
235 3593 324 3672 247),
347 3593 486 3653 defuncta
506 3613 533 3656 o.
549 3613 576 3652 a.
595 3594 643 3666 19,
665 3612 730 3651 oum
753 3611 868 3668 sponsa
888 3602 969 3653 esset
981 3594 1114 3654 Neronis
1131 3593 1303 3656 Germanici
1317 3597 1348 3671 f,
1370 3598 1458 3658 Iunio

130 3693 224 3754 Silani
236 3697 265 3770 s.
294 3695 380 3771 (vide
407 3712 483 3770 quae
505 3695 570 3753 dixi
590 3696 621 3753 in
643 3695 773 3753 Hermae
795 3693 888 3754 volt
911 3716 940 3772 p.
960 3695 1047 3772 126);
1074 3705 1105 3756 at
1126 3716 1192 3755 oum
1216 3717 1253 3756 ne
1274 3699 1311 3756 da
1332 3719 1457 3776 praeno·

130 3796 204 3855 mine
225 3797 347 3873 quidem
370 3803 502 3867 constet,
530 3796 642 3855 frustra
661 3795 848 3871 quaerimus,
870 3797 990 3873 quinam
1014 3817 1053 3856 ex
1075 3797 1188 3858 Silonis
1210 3819 1275 3858 eum
1298 3799 1458 3877 adoptarit.

131 3893 263 3974 Denique
286 3899 325 3957 de
348 3895 460 3956 Silonis
479 3895 639 3956 Castalidis
661 3916 722 3955 non
743 3897 840 3955 habeo
862 3900 943 3974 quod
964 3898 1072 3957 addam
1094 3901 1277 3958 enarrationi
1298 3900 1460 3978 Borghesii

130 3995 199 4070 (1.0.
223 4017 250 4074 p.
268 3997 346 4073 214)
372 3998 571 4076 probabiliter
590 3998 645 4056 'eos
667 3999 828 4074 repetentis
851 4017 870 4054 a
891 3997 931 4056 D.
955 3997 1059 4058 Silano
1080 4001 1173 4060 fratre
1195 4003 1353 4060 consulum
1376 4022 1403 4060 a.
1421 4003 1459 4060 10

129 4107 156 4154 ct
172 4100 217 4158 15.
265 4100 347 4158 Eum
373 4100 477 4159 liberis
503 4106 652 4158 carentem
682 4099 843 4174 adoptasse
869 4099 964 4158 videri
990 4100 1085 4158 filium
1113 4099 1168 4160 Cn.
1197 4101 1318 4162 Lentuli
1345 4100 1459 4162 Gaetu-

129 4197 176 4258 lici
196 4201 334 4260 consulis
360 4218 389 4258 a.
406 4199 445 4258 26
473 4199 514 4276 (v.
538 4209 664 4258 stemma
685 4197 895 4259 Corneliorum
921 4201 1002 4276 quod
1022 4201 1157 4260 dedimus
1178 4203 1194 4260 I
1216 4222 1245 4278 p.
1265 4201 1322 4278 14)
1349 4202 1460 4262 dictum

129 4313 284 4378 propterea
305 4303 347 4361 D.
369 4301 489 4359 Iunium
511 4299 645 4361 Silanum
661 4299 862 4374 Gaetulicum,
884 4319 963 4359 anno
978 4319 1007 4376 p.
1024 4299 1095 4360 Chr.
1113 4301 1151 4360 63
1174 4311 1325 4378 receptum
1346 4304 1378 4361 in
1399 4305 1459 4362 ool-

129 4400 237 4478 legium
270 4401 393 4480 aliquod
425 4402 525 4461 nobile
552 4401 755 4472 sacerdotum3
788 4401 826 4459 ab
860 4402 917 4459 hoc
943 4411 1045 4459 natum
1072 4419 1140 4460 esse
1166 4402 1207 4460 M.
1236 4403 1355 4462 Iunium
1381 4401 1459 4464 Sila·

129 4519 197 4561 num
216 4489 375 4562 Lutatium
398 4501 568 4573 Catulum,¹
583 4502 668 4561 cuius
690 4502 822 4560 defuncti
844 4521 923 4560 auno
945 4503 1051 4561 aetatis
1074 4503 1214 4561 uicesimo
1237 4504 1332 4580 primo
1354 4505 1459 4566 titulus

129 4611 260 4679 repertus
289 4611 338 4664 est
363 4605 394 4663 iu
420 4603 557 4680 sepulcro
580 4601 755 4680 Scipionum
778 4601 886 4676 (Orell
909 4601 993 4678 560).
1038 4601 1158 4663 Silanos
1180 4615 1260 4663 certa
1283 4603 1460 4668 Gaetulicus

129 4701 203 4764 inter
227 4705 376 4782 patricios
404 4705 536 4764 adiectos
565 4721 633 4763 esse
660 4703 729 4763 inde
756 4703 920 4780 colligitur,
950 4704 1032 4779 quod
1057 4705 1105 4763 bic
1131 4705 1239 4763 saliare
1261 4707 1460 4767 sacerdotium

130 4803 237 4865 habuit.
284 4803 416 4882 Stirpem
443 4825 508 4864 eam
537 4806 576 4864 ad
598 4805 724 4864 Traiani
745 4813 871 4864 aetatem
900 4805 1024 4864 durasse
1046 4805 1230 4883 Borghesius
1257 4818 1337 4867 recte
1363 4809 1462 4868 effecit

130 4923 165 4963 ex
186 4907 254 4966 loco
276 4906 432 4967 Iuvenalis
455 4906 484 4979 8,
500 4905 554 4978 to;
576 4906 614 4964 ad
637 4905 768 4982 Augusti
789 4914 887 4965 autem
910 4905 1082 4982 progeniem
1104 4926 1141 4966 ea
1161 4925 1220 4966 uon
1242 4909 1393 4985 pertinuit.

208 5007 342 5067 Restant
371 5009 449 5067 duae
481 5007 723 5079 observationes,
757 5007 851 5065 altera
886 5007 923 5065 de
950 5007 1158 5067 coniunctione
1186 5027 1264 5085 quae
1291 5010 1462 5069 intercessit

131 5106 205 5168 inter
223 5110 335 5169 Iunios
357 5107 476 5170 Silanos
503 5118 533 5168 et
553 5108 685 5167 Manlios
708 5106 896 5183 Torquatos,
930 5109 1024 5168 altera
1054 5109 1091 5168 de
1118 5109 1262 5170 affinitate
1289 5127 1379 5186 quam
1408 5127 1459 5167 vo-

131 5207 192 5268 lunt
212 5211 309 5270 inisse
330 5211 497 5271 interillos
519 5221 550 5270 et
571 5208 718 5269 Claudios
740 5209 893 5286 patricios.
935 5208 976 5268 Et
997 5209 1079 5269 illius
1101 5211 1220 5287 quidem
1243 5210 1460 5270 coniunctionis

1216 5313 1234 5370 6
