3582 5956
350 599 420 670 190
940 607 1085 660 lllihlZliN

630 714 711 722 ..n--n-

425 786 537 848 'Galba
562 796 592 846 et
612 785 702 844 Vinio
728 782 892 842 interiectis
917 783 947 842 in
974 782 1041 859 ipso
1068 779 1224 840 consulatu
1250 777 1558 850 assuendus,
1583 777 1653 838 Otho

345 911 412 950 cum
438 891 530 949 fratre
552 886 675 947 Titiano
700 887 732 945 in
758 885 857 945 locum
879 901 981 943 eorum
1004 881 1162 954 successit,
1190 879 1245 940 sed
1265 889 1299 941 ut
1319 881 1509 941 consulatum
1532 881 1654 942 reboent

345 1001 460 1052 tantum
483 991 520 1050 sd
542 990 631 1050 linem
653 988 765 1047 mensis
786 986 952 1058 Februarii,
973 984 1005 1044 id
1026 983 1106 1061 quod
1127 993 1158 1043 et
1172 982 1296 1044 Tacitus
1316 983 1359 1043 ait
1380 989 1411 1042 et
1430 991 1499 1042 acta
1511 983 1652 1040 studium

346 1113 440 1171 nuper
466 1092 585 1169 egregie
606 1089 831 1162 confirmarunt,
858 1107 927 1146 cum
948 1088 978 1146 lu
992 1086 1120 1146 'Martiis
1142 1085 1282 1146 eonsules
1304 1091 1420 1163 ponant
1439 1104 1501 1144 non
1521 1083 1589 1155 bos,
1612 1083 1654 1142 scd

344 1194 455 1254 Rufum
478 1201 508 1252 et
523 1191 698 1267 Vopiscum.
740 1190 876 1249 Inierunt
896 1195 995 1248 autem
1019 1187 1154 1247 Othoues
1176 1188 1285 1246 iratres
1306 1204 1366 1246 non
1386 1185 1456 1264 ipsc
1478 1204 1514 1246 eo
1533 1186 1588 1257 die,
1606 1202 1655 1261 quo

345 1295 445 1355 Galba
470 1314 538 1354 eum
552 1293 643 1352 Vinio
668 1292 795 1366 interiit,
822 1291 877 1350 sed
897 1298 967 1367 post
987 1288 1193 1362 intervallum,
1221 1289 1338 1348 scilicet
1358 1287 1437 1348 inter
1457 1287 1523 1347 dies
1543 1287 1602 1346 lau
1616 1286 1656 1356 lb,

345 1415 405 1473 quo
427 1397 506 1455 diem
528 1396 636 1465 solum,
657 1395 798 1454 consules
820 1391 921 1452 nullos
942 1400 1011 1451 acta
1030 1390 1187 1450 Arvalium
1208 1389 1381 1462 enuntiant,
1403 1397 1435 1448 et
1454 1389 1521 1448 Ian.
1537 1389 1588 1460 30,
1607 1405 1656 1465 quc

345 1498 458 1556 habent
478 1495 619 1555 consules
641 1493 787 1554 Othones.
828 1492 956 1552 Vacavit
975 1492 1067 1571 igitur
1088 1509 1224 1552 summus
1246 1492 1441 1570 magistratus
1463 1509 1517 1569 per
1538 1491 1596 1550 dies
1614 1508 1656 1548 uu·

346 1597 443 1656 decim
466 1597 515 1656 vel
536 1595 638 1673 paullo
661 1596 771 1672 plures.

428 1696 498 1772 ‘Qui
519 1705 730 1756 successerunt
744 1696 914 1756 Othoulbus
936 1695 1070 1758 diduri.
1087 1697 1101 1754 1
1125 1694 1162 1754 L.
1177 1695 1340 1774 Verginius
1361 1693 1461 1754 Rufus
1477 1692 1508 1752 11
1528 1692 1563 1752 1..
1583 1691 1657 1750 Pom·

346 1800 434 1876 peius
448 1798 612 1877 Vopiscus,
634 1816 686 1858 eos
708 1799 746 1858 ab
762 1797 882 1858 Othone
904 1797 1077 1876 designatos
1100 1814 1166 1857 esse
1181 1796 1306 1857 Tacitus
1328 1794 1444 1867 scribit,
1465 1793 1577 1854 addam
1595 1801 1658 1852 cete

348 1919 399 1960 ros
425 1901 564 1960 consules
591 1900 740 1959 mansisse
766 1918 806 1959 ex
830 1898 1030 1960 destinatione
1050 1899 1184 1976 priorum
1206 1898 1428 1973 imperatorum.
1469 1895 1569 1956 Etiam
1588 1912 1658 1954 sccu-

347 2001 442 2061 ratius
471 2003 514 2061 ait
533 2001 715 2061 Plutarchus
737 2000 809 2060 Oth.
832 2003 862 2060 1:
890 1987 921 2058 ἓν
947 1989 996 2068 μίν
1020 1993 1108 2061 uiris
1129 1996 1240 2076 (Otho)
1266 1987 1418 2056 ὑπατεύειν
1439 1987 1544 2080 εχρίνεν
1563 1983 1659 2066 imile,

346 2093 447 2160 vaureu
470 2093 549 2186 stipae
569 2093 671 2169 ίνειμεν
693 2094 845 2184 Οὐεργινίῳ
866 2091 990 2178 Ῥούφῳ.
1033 2101 1163 2160 licant·
1182 2119 1305 2171 mmet,
1327 2116 1404 2175 quos
1427 2097 1577 2158 Othonem
1595 2097 1660 2155 Boio

348 2213 378 2262 et
400 2201 534 2280 Vopisco
555 2203 756 2262 destinavisse
777 2202 855 2262 idem
878 2201 1003 2262 Tacitus
1026 2210 1130 2263 auctor
1151 2211 1208 2274 est,
1229 2200 1358 2261 Martius
1379 2208 1410 2259 et
1431 2199 1548 2278 Aprilis
1568 2197 1661 2258 luerim

347 2322 471 2365 necesse
492 2313 552 2377 est,
579 2323 647 2363 cum
668 2304 844 2382 praesertim
867 2304 960 2363 addat
980 2305 1020 2364 iis
1042 2304 1228 2364 successisse
1248 2301 1388 2362 consules
1411 2298 1542 2378 Sabinos
1563 2305 1659 2360 means

347 2407 380 2466 in
400 2407 431 2464 k.
453 2405 556 2478 Iulias,
577 2405 609 2465 id
630 2406 748 2483 estqui
768 2425 823 2483 per
844 2423 963 2465 menses
984 2405 1098 2464 Maium
1118 2413 1151 2465 et
1169 2404 1290 2464 Iunium
1311 2403 1411 2464 fasces
1432 2413 1578 2481 gererent.
1610 2400 1659 2460 Du

348 2517 473 2565 cuerunt
493 2513 594 2567 temen
615 2515 682 2566 acta
694 2508 853 2568 Arvalium
868 2505 997 2567 Sabinos
1018 2506 1119 2566 fasces
1141 2507 1202 2565 iam
1217 2506 1350 2566 tenuisse
1367 2505 1397 2564 d.
1412 2507 1491 2582 Apr.
1508 2506 1562 2576 303
1582 2519 1661 2577 neque
1758 2559 1759 2562 ,

348 2607 379 2664 id
407 2607 523 2666 ratione
551 2615 641 2667 caret.
684 2607 765 2668 Nam
793 2607 911 2668 devicto
933 2607 1053 2668 Othone
1079 2616 1109 2666 et
1134 2607 1291 2667 interiecto
1318 2606 1348 2666 d.
1377 2625 1403 2666 c.
1426 2607 1505 2684 Apr.
1526 2603 1661 2665 liliolus

349 2707 551 2781 expeditionis
573 2725 673 2768 comes
695 2718 726 2770 et
745 2711 830 2786 regni
851 2708 1072 2786 quodammodo
1093 2707 1249 2768 affectator
1269 2707 1382 2767 inritus
1402 2707 1507 2766 statim
1520 2703 1661 2766 iascmde·

349 2808 485 2881 posuerit
505 2825 628 2867 necesse
649 2818 696 2868 cst
716 2810 842 2886 eiusque
862 2810 1035 2886 exemplum
1057 2809 1203 2888 collegam
1225 2815 1362 2870 secutum
1382 2827 1451 2868 esse
1472 2807 1629 2885 probabile.

432 2903 565 2967 Praeter
585 2910 671 2985 paria
692 2929 728 2969 ea
748 2910 817 2981 duo,
838 2910 875 2969 de
896 2910 1005 2987 quibus
1027 2908 1169 2982 diximus,
1190 2910 1221 2968 in
1238 2909 1319 2968 hunc
1332 2927 1444 2969 annum
1459 2908 1598 2970 consules
1610 2906 1662 2964 nul·

311 2997 321 3008 ⁵
349 3006 396 3067 lus
418 3007 591 3084 designatos
614 3027 679 3070 esse
701 3011 739 3070 ab
753 3010 874 3071 Othone
895 3019 1035 3070 auctores
1055 3010 1166 3070 diserte
1188 3010 1339 3070 aidrmant
1359 3009 1543 3070 Plutarchus
1557 3008 1622 3069 Oth.
1637 3009 1661 3064 l:

350 3095 381 3164 dv
401 3096 450 3175 μὲν
471 3104 558 3171 αὖτίς
571 3103 722 3168 ὑπατεύειν
735 3104 839 3193 χρόνον
856 3100 970 3180 ἤμελλε,
991 3100 1092 3168 rosires
1106 3101 1186 3193 tuipse
1197 3100 1299 3180 ίνειμεν
1321 3103 1474 3194 Οὐεργινίῳ
1490 3103 1601 3186 Ροιίφῳ,
1617 3109 1663 3166 τοῖς
1760 3139 1761 3150 ι

351 3199 383 3267 δὲ
401 3202 647 3287 α’ποδεδειγμίνοιε
665 3207 720 3270 tino*
736 3203 856 3294 Νέρωνος
874 3200 1016 3280 ἣΓείλβει
1036 3212 1126 3269 πᾶσιν
1147 3202 1260 3294 irripere
1282 3204 1335 3272 sele
1356 3203 1494 3274 ὑπατείας
1514 3221 1545 3273 et
1557 3211 1663 3271 Tacitus

350 3308 423 3369 hist.
440 3313 467 3381 l,
484 3311 532 3369 77:
554 3313 654 3373 masal
674 3331 736 3374 cum
752 3313 863 3372 Titano
878 3315 977 3390 fratre
998 3315 1029 3371 in
1046 3312 1074 3372 lt.
1090 3311 1219 3373 Martias
1230 3317 1308 3389 ipss:
1327 3317 1474 3390 prosimos
1489 3331 1592 3374 soenes
1607 3311 1662 3371 Vsr·

350 3414 430 3488 pinio
452 3414 578 3472 destinat
672 3418 801 3490 iungitur
817 3415 953 3489 Verginio
967 3412 1122 3489 Pompeiae
1138 3413 1279 3489 Vopoee
1361 3419 1445 3478 sueri
1465 3415 1625 3476 munaus
1637 3429 1664 3470 ιτ

351 3513 539 3573 destinatione
558 3515 684 3574 Neronia
708 3526 759 3575 aut
783 3514 895 3576 Galbae
914 3533 1057 3588 mansere,
1083 3513 1182 3574 Caelio
1202 3533 1238 3573 ae
1257 3513 1363 3574 Flecte
1385 3514 1507 3575 Sabinis
1528 3520 1558 3576 in
1576 3514 1664 3582 lulius,

352 3611 442 3672 Anto
456 3612 602 3673 Antonino
615 3627 642 3673 et
655 3615 755 3675 Mario
770 3616 852 3676 Celso
874 3616 926 3693 (cl.
942 3616 1014 3677 bist.
1033 3618 1063 3690 l,
1077 3616 1129 3692 14)
1137 3655 1141 3658 ι-
1151 3618 1182 3674 in
1197 3614 1383 3694 Septembres,
1397 3635 1519 3693 mserum
1532 3616 1664 3676 bononias

352 3731 387 3771 ne
403 3712 535 3773 Vitellius
557 3716 668 3790 quidem
688 3720 964 3779 acimaetensem.
1000 3717 1090 3778 Unde
1110 3717 1238 3795 primum
1259 3717 1411 3794 colligitur
1425 3714 1556 3778 Galbam
1576 3716 1626 3776 sibi
1642 3723 1665 3773 et

353 3811 442 3870 Vinio
457 3814 554 3874 fasces
569 3815 689 3877 dedisse
703 3819 734 3877 in
746 3819 915 3879 nundinum
929 3819 1147 3897 quadrimestre
1152 3839 1162 3892 3
1181 3837 1250 3878 uam
1264 3818 1322 3878 hoc
1336 3819 1421 3878 aiunt
1433 3829 1572 3880 auctores
1585 3817 1665 3878 Otho·

353 3931 422 3970 nem
444 3913 519 3974 nibil
540 3935 679 3991 novasse,
700 3927 815 3980 tantum
836 3921 1002 3982 interiectis
1021 3922 1197 3981 consulibus
1218 3921 1295 3980 alios
1316 3921 1472 3980 suffecisse
1494 3925 1667 3998 snumqnect

352 4012 455 4074 fratris
479 4015 655 4094 dignitatem
681 4021 868 4082 consularem
898 4031 1060 4084 coariaase.
1102 4021 1250 4082 Proxima
1269 4021 1329 4082 duc
1348 4020 1484 4082 nundina
1504 4032 1575 4101 post
1592 4037 1666 4082 suum

354 4113 486 4176 Galbam
502 4117 622 4180 dedisse
643 4120 799 4183 bimestris
813 4122 938 4184 Tacitus
959 4126 1071 4184 diserte
1091 4125 1143 4185 ait.
1178 4123 1227 4184 De
1242 4133 1383 4202 quattuor
1396 4125 1553 4185 mensibus
1568 4133 1667 4201 postre-

352 4217 409 4276 mis
436 4219 510 4295 quid
530 4221 557 4281 is
585 4225 738 4298 statuerit,
763 4243 825 4286 non
847 4228 994 4299 enuntiat,
1021 4225 1183 4305 possisque
1203 4226 1296 4309 verba
1315 4225 1445 4286 auctoris
1466 4224 1512 4285 ita
1532 4225 1666 4302 explicare

356 4315 485 4382 Galbam
512 4325 690 4385 consulatus
715 4344 776 4387 uon
797 4327 919 4388 dedisse
938 4329 999 4389 uisi
1020 4329 1059 4388 ad
1078 4326 1156 4406 prid.
1178 4327 1209 4387 ls.
1232 4324 1315 4404 Sept.
1357 4328 1401 4387 At
1420 4345 1486 4388 eam
1507 4325 1667 4404 interpreta-

353 4421 466 4482 tionem
493 4423 560 4502 ipse
586 4425 713 4490 Tacitus
738 4429 850 4489 refutat
874 4429 935 4488 alio
960 4428 1028 4490 loco
1055 4428 1089 4501 l,
1110 4429 1147 4488 71
1177 4428 1331 4488 consulem
1358 4427 1517 4488 nominans
1543 4427 1573 4487 in
1599 4427 1667 4484 hune

351 4541 463 4584 aunum
485 4525 666 4587 destinatum
688 4549 708 4588 a
722 4525 823 4589 Galba
836 4530 992 4591 Valerium
1007 4531 1166 4602 Marinum.
1201 4529 1302 4590 Etiam
1323 4530 1374 4589 alii
1396 4531 1456 4589 duc
1478 4529 1566 4589 simul
1587 4526 1666 4587 nomi·

353 4624 416 4681 nati
437 4625 570 4688 Marcius
590 4630 693 4690 Macer
714 4639 744 4690 et
764 4630 918 4692 Pedanius
940 4629 1036 4693 Costa
1061 4631 1233 4709 pariterque
1250 4638 1348 4708 atque
1368 4630 1505 4691 Marinus
1526 4650 1546 4691 a
1558 4627 1666 4689 Vitellio

354 4723 467 4784 honore
487 4727 587 4788 futuro
609 4732 718 4808 privati
739 4733 817 4793 inter
838 4734 978 4794 consules
999 4734 1109 4794 luerint
1130 4751 1252 4793 neeesse
1273 4740 1321 4792 est
1335 4751 1355 4790 a
1369 4730 1470 4792 Galba
1483 4739 1535 4792 aut
1548 4735 1665 4791 retentos

354 4832 408 4881 aut
434 4824 545 4899 lactos3
572 4849 639 4890 num
661 4831 813 4895 Othonem
834 4855 855 4894 a
874 4833 1047 4896 consulibus
1068 4835 1206 4896 creandis
1225 4833 1409 4894 abstinuisse
1430 4833 1518 4893 modo
1540 4831 1665 4892 vidimus.

352 4921 493 5001 Denique
508 4925 544 4990 O.
560 4927 717 5003 Quinctius
732 4935 865 5010 Atticus,
886 4937 938 5014 qui
961 4935 1059 4998 fasces
1081 4936 1179 5016 gessit
1199 4934 1290 4996 buius
1312 4933 1383 4994 suni
1403 4951 1506 4995 mense
1519 4929 1665 4994 Decembri

353 5022 493 5099 (Tacitus
516 5029 604 5104 3,,73
617 5033 711 5111 seq.>,
739 5036 904 5099 credendus
931 5046 978 5098 est
1003 5045 1034 5098 et
1057 5039 1125 5116 ipse
1147 5037 1318 5110 nominatus
1339 5053 1407 5098 esse
1428 5056 1447 5100 a
1468 5035 1581 5107 Galba,
1605 5049 1665 5092 uam

353 5123 380 5184 si
401 5125 543 5192 Vitellius
564 5149 632 5192 cum
653 5146 786 5196 creasset
806 5138 836 5198 in
858 5141 957 5199 locum
979 5139 1057 5200 alius
1078 5139 1227 5218 designati
1248 5157 1267 5196 a
1289 5135 1396 5210 Galba,
1420 5137 1486 5198 sine
1506 5137 1594 5198 dubio
1614 5133 1664 5193 Ts-

353 5227 428 5286 rims
458 5245 524 5290 eum
554 5233 649 5295 tribus
676 5235 797 5315 reliquis
819 5240 976 5302 aVitsllio
997 5241 1084 5304 lactis
1106 5239 1304 5302 adiunxisset.
1348 5238 1406 5299 His
1427 5238 1533 5318 positis
1554 5245 1663 5317 apparel
