3582 5956
414 597 485 671 198
1002 609 1147 662 usurus

971 711 1125 722 ——.-.

410 789 549 866 Denique
574 785 654 864 quod
681 782 785 844 soribit
805 781 997 859 Lampridius
1023 781 1100 858 (vita
1121 782 1209 842 Alex.
1232 781 1287 859 43)
1311 785 1439 844 rruudbm
1459 795 1557 856 odera
1574 806 1604 846 eu
1624 791 1695 848 uuus

332 952 337 959 ,
410 891 577 952 instituisse
599 885 743 950 Severum
763 884 987 957 Alexandrum,
1013 884 1232 944 Brambaebius
1258 885 1306 962 (p.
1323 886 1377 963 17)
1402 886 1445 946 its
1469 888 1594 964 explieat
1613 889 1695 948 eolsto

410 994 477 1054 loeo
486 992 607 1064 Diouis,
621 989 755 1049 nundina
766 994 867 1048 vetera
881 986 1035 1048 bimestris
1047 1003 1116 1046 esse
1130 986 1267 1048 instituta
1281 986 1443 1048 seeundum
1453 989 1551 1066 ipsum
1560 989 1695 1062 a‘l'raism

409 1095 527 1155 turbata
551 1102 651 1152 eutem
677 1110 697 1150 a
718 1088 883 1150 Commodo
903 1089 1192 1168 imperatoribusque
1213 1088 1442 1167 posterioribus.
1483 1091 1564 1150 ldem
1583 1093 1695 1170 proximis

409 1205 479 1275 post
493 1192 700 1254 Alexandrum
718 1193 901 1270 temporibus
916 1191 1076 1268 quicquum
1091 1201 1233 1251 novatum
1250 1209 1316 1252 esse
1329 1199 1428 1270 negat,
1448 1201 1601 1271 eapropter
1612 1203 1695 1252 buum

410 1299 441 1358 ni
454 1299 554 1368 sullor,
568 1295 649 1372 quod
663 1296 700 1354 de
714 1295 801 1355 lastis
817 1304 982 1371 temporum
996 1312 1073 1372 quae
1088 1293 1226 1370 proxime
1240 1301 1405 1370 sequuntur
1418 1302 1546 1354 aetutem
1557 1295 1696 1359 Alexandri,

410 1399 616 1460 nihilomnino
627 1397 776 1456 novimus.
802 1395 1021 1456 Documentum
1032 1405 1131 1456 autem
1143 1395 1225 1472 quod
1235 1395 1273 1457 de
1283 1395 1371 1455 lastis
1384 1397 1495 1456 saeouli
1510 1397 1585 1456 tertii
1594 1403 1696 1473 superest

409 1521 471 1562 non
492 1510 553 1561 tam
575 1498 750 1577 primarium
766 1516 855 1574 quum
871 1499 990 1558 unicum
1004 1506 1035 1557 et
1047 1504 1204 1574 praeterea
1216 1497 1417 1570 notissimum,
1437 1517 1612 1576 quemquam
1622 1499 1696 1558 neruo

409 1623 470 1682 quo
492 1600 581 1662 modo
595 1601 828 1660 Brambaebium
849 1599 934 1677 lugit,
956 1598 1104 1658 laetorum
1120 1597 1303 1660 Gulenorum
1322 1599 1521 1677 fragmentum
1542 1599 1580 1677 (Ι.
1592 1597 1625 1658 bl.
1638 1597 1695 1658 illl

412 1731 449 1758 =
466 1704 519 1765 Or.
534 1703 660 1764 Heuzen
675 1701 769 1778 6447)
791 1701 943 1780 pertinens
957 1702 996 1760 ad
1012 1719 1122 1761 annum
1137 1699 1208 1775 289,
1225 1719 1294 1762 eum
1315 1710 1458 1778 quattuor
1479 1709 1622 1763 recenseat
1637 1701 1697 1778 perir

410 1807 578 1879 consulum,
599 1822 811 1881 nonnunquam
831 1809 911 1863 uerte
931 1821 968 1862 es
989 1811 1087 1862 uetate
1107 1802 1240 1863 nundina
1253 1803 1348 1863 luisse
1362 1803 1497 1864 declarat
1509 1803 1623 1881 singulis
1635 1803 1696 1862 anuis

410 1919 564 1986 quaterna.
612 1905 672 1968 Sed
698 1924 759 1966 non
785 1904 981 1982 aequabiliter
1006 1905 1038 1965 in
1061 1914 1164 1983 partes
1189 1911 1332 1982 quattuor
1357 1925 1472 1974 aunum
1496 1907 1577 1968 illum
1599 1906 1696 1966 divisum

410 2028 479 2073 esse
504 2008 635 2088 epistula
659 2010 844 2069 demonstrat
867 2005 973 2066 eodem
998 2024 1078 2066 anno
1103 2025 1122 2066 a
1146 2007 1392 2084 quindecimuiris
1413 2007 1509 2068 saeris
1529 2005 1696 2069 iaeiuudisnl

410 2111 562 2174 Cumanos
584 2111 678 2171 missa
698 2109 738 2187 (Ι.
753 2107 794 2169 N.
811 2107 890 2168 2558
908 2132 945 2158 =
963 2107 1016 2169 Or.
1033 2107 1145 2185 226³„
1165 2107 1208 2169 ibi
1229 2109 1309 2169 euim
1329 2110 1381 2187 qui
1402 2129 1431 2170 a.
1454 2111 1485 2170 d.
1499 2110 1573 2170 XVI
1586 2107 1696 2169 kalendas

408 2212 598 2292 Septembres
625 2212 764 2272 eonsules
792 2209 983 2270 nominantur
1010 2209 1051 2270 bl.
1077 2210 1222 2288 Umbrius
1245 2210 1368 2272 Primus
1394 2221 1427 2271 et
1447 2211 1487 2272 Τ.
1513 2211 1627 2272 Flavius
1643 2207 1697 2270 coe·

408 2317 508 2378 liunus
532 2315 565 2373 in
590 2314 678 2374 iustis
701 2310 824 2373 Galeuis
852 2311 1013 2372 seeundum
1041 2311 1206 2374 nundinum
1232 2313 1368 2374 obtinent
1393 2312 1447 2389 (el.
1474 2315 1513 2374 de
1532 2312 1615 2372 Bessi
1631 2313 1696 2369 inser.

409 2419 510 2480 christ
529 2419 543 2476 l
567 2437 597 2495 p.
611 2415 688 2492 XV)
710 2433 766 2473 nee
785 2413 942 2492 probabile
962 2421 1014 2504 est·
1030 2413 1062 2473 in
1083 2413 1179 2473 altero
1200 2421 1267 2473 utro
1286 2414 1467 2475 documento
1482 2433 1606 2475 errorem
1616 2414 1696 2474 besu.

409 2519 558 2582 Videntur
570 2517 662 2595 igitur
682 2533 760 2576 anno
776 2514 836 2575 289
856 2513 989 2574 nundina
1002 2515 1062 2575 duo
1077 2515 1178 2594 priora
1192 2516 1422 2593 quadrimestria
1435 2517 1540 2589 luisse,
1560 2516 1613 2576 duo
1625 2521 1697 2594 peste

409 2621 491 2682 riora
514 2637 574 2680 non
600 2619 687 2688 item;
712 2617 787 2677 haee
813 2625 912 2676 utrum
938 2617 1095 2677 bimestris
1120 2617 1233 2677 luerint
1257 2636 1296 2678 sn
1316 2625 1441 2696 propter
1461 2637 1580 2679 oaussm
1598 2597 1697 2694 ellqmn

409 2725 543 2803 ignotum
563 2718 738 2781 oonsulibus
759 2717 885 2778 nundini
907 2716 987 2778 tertii
1008 2719 1180 2780 oonsulibus
1201 2719 1255 2779 elii
1273 2727 1361 2780 extra
1380 2720 1517 2782 ordinem
1532 2718 1697 2788 suffertisint,
1760 2731 1761 2736 ¹

409 2843 471 2884 non
495 2823 599 2899 liquet.
640 2819 821 2900 Legitimum
846 2829 946 2882 autem
971 2820 1181 2882 oonsulatuum
1207 2821 1274 2880 eius
1299 2821 1407 2882 aetatis
1435 2830 1551 2900 tempus
1574 2821 1697 2900 quominus

410 2933 474 2986 tuto
495 2924 673 3000 oolligumus
694 2941 734 2982 ex
753 2919 989 2996 inunctionis,
1009 2921 1134 3001 impedit
1154 2921 1265 2999 pagina
1285 2941 1389 2984 eorum
1410 2924 1698 3003 ulterequsmsisnu-

409 3027 465 3087 tila
485 3035 515 3086 et
535 3024 615 3086 male
635 3024 797 3100 descripta,
818 3041 897 3100 quae
919 3023 984 3085 dies
1007 3025 1159 3086 eontinest
1178 3024 1386 3085 eonsulatuum
1406 3026 1550 3087 initorum
1563 3025 1698 3086 erminus

408 3129 480 3190 anni
494 3127 554 3189 289
581 3145 643 3189 nou
665 3126 740 3188 satis
761 3125 980 3190 convenientes.
1024 3125 1093 3186 Hoe
1113 3143 1187 3187 sane
1208 3126 1370 3187 ostendunt
1389 3127 1581 3188 suffeotorum
1599 3125 1699 3196 nemim

408 3247 587 3309 quemquam
602 3228 641 3286 ad
655 3247 765 3290 annum
785 3227 977 3288 indioandum
992 3228 1051 3288 ium
1066 3247 1104 3289 ne
1118 3227 1236 3304 publice
1249 3228 1369 3304 quidem
1384 3229 1607 3301 adhibebantur,
1624 3237 1698 3287 unu

407 3333 456 3394 vel
477 3351 514 3392 ea
533 3338 630 3392 aetate
649 3330 681 3390 in
702 3337 771 3390 aete
794 3330 916 3408 publiea
936 3329 1033 3390 relata
1052 3347 1132 3390 esser
1157 3330 1275 3407 quade
1296 3349 1329 3390 re
1351 3330 1415 3391 sine
1436 3331 1520 3392 iusta
1539 3349 1622 3392 eausa
1637 3327 1698 3388 dubi·

407 3435 483 3495 tavit
495 3431 714 3494 Brambeehius
733 3431 746 3505 (
748 3449 777 3508 p.
790 3430 855 3508 20).
884 3429 953 3506 Qun
966 3437 1066 3494 autem
1080 3431 1196 3493 ratione
1209 3431 1323 3492 laetum
1337 3432 1385 3507 sit,
1408 3440 1443 3494 ut
1455 3432 1595 3511 temporis
1607 3426 1698 3490 usundi

407 3552 501 3598 sauss
525 3533 716 3594 suffectorum
740 3533 863 3594 nomina
887 3534 1088 3594 monumentis
1114 3533 1242 3612 emplius
1262 3552 1324 3594 non
1344 3534 1586 3606 inscriberentur,
1607 3531 1635 3591 id
1651 3531 1699 3590 loro

407 3637 497 3700 modo
518 3635 610 3694 eitato
630 3634 773 3711 exposuit
790 3635 930 3696 Rossius.
1615 3648 1619 3656 “

491 3733 579 3810 Quae
604 3735 642 3800 de
667 3735 799 3814 priorum
826 3737 1016 3800 saeculorum
1037 3755 1125 3799 aerae
1145 3744 1268 3799 norbae
1287 3737 1430 3798 nundinis
1448 3735 1647 3799 consularibus
1662 3749 1699 3792 er·

406 3837 575 3916 posuimus,
595 3855 656 3914 quo
676 3837 786 3900 melius
806 3845 921 3902 munta
941 3857 1045 3901 eorum
1066 3839 1143 3900 ratio
1163 3849 1317 3918 appareat,
1338 3840 1440 3902 utris
1457 3840 1607 3918 eomplexi
1621 3846 1698 3895 sumus

408 3937 586 4014 subscripta.
