3546 5950
359 582 431 653 120
930 596 1107 650 Bonum

354 769 499 831 ‘mutilata
518 771 616 828 adbuc
641 770 780 839 cernitur,
806 788 884 846 quae
909 788 976 828 cuna
1003 771 1115 828 sacello
1140 769 1172 828 in
1193 785 1268 827 usus
1289 767 1438 826 humanos
1458 776 1508 826 est
1527 785 1663 826 murense.

354 869 409 930 'Ibi
431 881 529 930 autem
550 871 697 948 proximis
718 871 825 928 diebus
845 871 989 930 effossum
1009 879 1056 930 est
1075 871 1234 930 marmoris
1255 870 1393 942 frustum,
1414 868 1495 946 qnod
1517 868 1548 926 iu
1562 868 1665 928 frontis·

354 969 442 1048 ‘pinio
462 973 596 1032 eiusdem
623 973 726 1050 templi
751 972 846 1030 luisse
873 973 1060 1032 arbitramur.
1103 971 1139 1030 Iu
1160 989 1236 1049 quo,
1263 989 1355 1031 seusu
1375 969 1563 1048 imperfecto,
1587 969 1666 1027 incisa

355 1069 449 1132 ‘eraut
469 1073 543 1132 haec
563 1069 679 1132 verba':

663 1207 729 1250 nvo
744 1221 752 1236 ·
767 1205 831 1250 nors
846 1219 855 1235 ·
868 1206 936 1249 anx
951 1219 958 1234 ·
974 1206 1088 1249 sanavit

663 1307 787 1352 cerasos
807 1305 868 1352 cos
890 1307 966 1349 vnn·

662 1407 850 1452 aanomrws
865 1409 902 1450 ru
914 1421 922 1436 ·
933 1408 1019 1452 avoc
1030 1421 1037 1436 ·
1049 1407 1166 1453 micas
1182 1407 1365 1452 assrrrvsas

358 1510 439 1572 Nam
461 1531 529 1571 cnm
550 1511 656 1571 titulos
676 1512 729 1588 qui
750 1520 822 1570 snut
842 1524 965 1572 cerasos
979 1523 1041 1570 cos
1054 1527 1107 1570 vnn
1128 1529 1216 1570 nemo
1237 1511 1375 1569 habuerit
1396 1511 1455 1570 uisi
1477 1509 1668 1587 Vespasianus

355 1623 386 1672 et
410 1613 515 1685 Titus,
543 1623 608 1670 tum
626 1611 835 1690 Vespasianus
862 1613 967 1671 eodem
994 1619 1129 1688 tempore
1154 1613 1212 1671 luit
1237 1613 1310 1690 imp.
1337 1610 1462 1685 XVIII,
1492 1629 1552 1689 quo
1579 1611 1668 1671 consul

355 1721 504 1772 octavum.
554 1711 645 1786 Quod
671 1733 743 1772 vero
768 1713 947 1772 Marliauius
973 1713 1005 1772 in
1031 1714 1118 1773 initio
1144 1733 1285 1773 versuum
1308 1713 1326 1771 2
1352 1722 1383 1771 et
1409 1715 1426 1772 3
1454 1713 1573 1771 litteras
1599 1713 1669 1788 pouit

357 1827 417 1872 cen
439 1821 470 1872 et
491 1830 549 1886 ars,
575 1832 651 1890 quas
673 1813 860 1874 Grimaldius
882 1823 1009 1874 testatur
1030 1814 1126 1875 luisse
1147 1817 1179 1874 iu
1199 1815 1325 1874 alterium
1346 1814 1507 1890 fragmenti
1528 1814 1599 1886 tine,
1621 1833 1668 1872 non

355 1915 474 1974 videtur
494 1916 624 1988 obstare,
645 1935 711 1974 cum
731 1917 908 1976 Manlianius
930 1933 983 1975 eas
1004 1916 1148 1978 facillime
1169 1917 1299 1993 potnerit
1318 1915 1439 1974 addere.
1476 1915 1575 1975 Totus
1595 1915 1668 1992 igitur

356 2015 460 2075 titulus
483 2017 528 2075 sic
550 2017 668 2075 videtur
687 2017 805 2076 restitui
826 2035 934 2095 posse:

521 2153 573 2206 Imp.
594 2163 651 2195 cusa.
671 2151 858 2195 uscassartes
880 2164 888 2182 ·
908 2152 972 2196 AVG
994 2166 1002 2182 ·
1026 2151 1100 2196 rom
1120 2165 1128 2181 ·
1149 2154 1216 2195 ΜΑΧ
1236 2165 1244 2181 ·
1267 2152 1381 2194 'ratsvtt
1405 2158 1452 2206 pot.
1473 2153 1525 2194 attis·

667 2253 714 2294 aa?
736 2266 744 2280 ·
767 2253 841 2294 XVIII
863 2267 871 2281 ·
893 2254 909 2295 P
931 2267 938 2282 ·
962 2253 978 2295 Ρ
1001 2266 1009 2282 ·
1031 2252 1156 2297 CENSOR
1176 2267 1184 2282 ·
1207 2251 1269 2295 COS
1291 2266 1299 2281 ·
1321 2253 1374 2294 VIII

520 2391 589 2442 (πίῃ.
599 2401 670 2432 cacas.
680 2389 1526 2436 mvnvs-scatsTotttrtvscuuvcoffllcts·assumas

355 2488 491 2566 Apparet
512 2508 579 2550 esse
599 2491 719 2552 titulum
741 2493 871 2552 aedificii
892 2493 1046 2554 cuiusdam
1067 2512 1088 2552 a
1101 2493 1292 2572 Vespasiano
1313 2493 1403 2566 lacti,
1425 2511 1444 2550 a
1466 2489 1609 2570 Septimio
1627 2489 1668 2550 Se

356 2607 426 2648 vero
454 2597 485 2648 et
506 2589 666 2652 Caracallo
690 2594 833 2654 restituti.
876 2592 1037 2667 Quodnam
1061 2594 1151 2654 fuerit
1176 2595 1321 2656 incertum
1348 2593 1497 2670 relinquo.
1547 2591 1667 2670 Cogitavi

356 2690 394 2747 de
421 2691 533 2767 templo
555 2692 646 2752 Pacis
672 2712 692 2752 a
708 2692 899 2772 Vespasiano
921 2703 1090 2769 exstructo,
1116 2715 1183 2756 cum
1205 2703 1365 2772 utrumque
1386 2695 1584 2770 fragmentum
1603 2691 1668 2750 hand

356 2789 446 2866 louge
467 2791 505 2849 ab
527 2794 592 2850 eins
614 2793 681 2851 loco
702 2804 854 2872 repertum
876 2797 925 2854 sit.
961 2795 1066 2872 Neque
1087 2796 1285 2874 improbabile
1306 2795 1404 2855 estid
1425 2795 1595 2854 restitutum
1613 2811 1667 2852 esse

356 2908 375 2948 a
394 2888 540 2966 Septimio
562 2889 685 2966 Severo,
706 2914 775 2954 cnm
796 2895 1006 2974 deflagraverit
1021 2895 1188 2957 Commodo
1208 2906 1363 2976 regnante,
1385 2898 1440 2957 sed
1461 2898 1594 2974 pluribus
1613 2911 1668 2952 sae·

355 2989 433 3049 culis
454 3000 526 3069 post
539 2993 692 3054 etiamtum
707 2996 772 3056 eius
787 2999 900 3056 mentio
914 2997 1067 3057 inferatur.
1103 3000 1147 3057 At
1161 2998 1280 3058 videtur
1292 2999 1508 3077 impedimento
1522 2993 1667 3072 essequod

356 3088 481 3152 Cassius
495 3092 557 3153 Dio
572 3093 623 3166 66,
642 3096 679 3155 15
701 3107 805 3156 namet
825 3097 967 3175 templum
984 3099 1076 3158 Pacis
1098 3094 1145 3175 (τὸ
1168 3101 1219 3170 τῆς
1239 3089 1354 3181 Εἰρήνης
1373 3091 1499 3176 τέμενος)
1520 3097 1668 3158 dedicatum

355 3208 424 3251 esse
445 3211 473 3252 a.
488 3193 538 3265 75,
559 3196 716 3273 inscriptio
738 3216 809 3257 vero
829 3199 885 3257 illa
905 3205 954 3258 est
973 3201 1044 3258 anui
1060 3200 1108 3259 78.
1145 3199 1276 3261 Videant
1296 3201 1388 3280 igitur
1408 3199 1589 3278 topographi
1608 3213 1665 3255 nun

354 3293 404 3352 cui
425 3293 478 3354 alii
498 3296 566 3356 aedi
586 3297 784 3375 probabiliter
804 3300 927 3359 attribui
948 3301 1055 3376 possit.

920 3547 1122 3559 ειη-

1008 3770 1036 3827 3.

438 3878 625 3942 Notissimus
648 3890 696 3942 est
721 3884 828 3944 titulus
853 3886 960 3963 ingens
985 3886 1100 3948 lractus
1120 3887 1229 3948 litteris
1252 3889 1324 3949 olim
1345 3907 1414 3949 aere
1435 3887 1571 3966 repletis,
1590 3901 1664 3961 quem

355 3998 435 4040 nnnc
454 3987 605 4041 extantem
618 3982 734 4042 Romae
754 3985 786 4044 in
808 3985 895 4045 domo
910 3985 1090 4048 BarberInia
1108 3997 1258 4067 repertum
1279 4006 1347 4051 ease
1367 4010 1396 4050 a.
1414 3990 1490 4049 1641
1514 3990 1546 4048 in
1566 3987 1612 4045 via
1628 3983 1666 4040 del

355 4099 437 4142 corso
462 4081 493 4140 iu
519 4082 585 4141 loro
606 4083 729 4144 Sciam
756 4092 883 4146 testatur
907 4088 1070 4148 Martinelli
1097 4089 1190 4150 Romo
1210 4093 1352 4152 riccrcwt
1378 4109 1407 4167 p.
1425 4089 1483 4148 108
1510 4089 1556 4148 ed.
1575 4087 1666 4146 Venet.
1750 4091 1751 4126 l

358 4183 437 4244 1766
464 4183 512 4242 his
533 4183 647 4243 verbis:
677 4183 773 4244 Panno
794 4185 872 4248 1641
897 4191 1070 4249 scovcadoei
1093 4193 1124 4248 ia
1146 4191 1223 4252 detta
1240 4195 1346 4270 picato
1367 4189 1524 4267 (Seiam)
1538 4192 1577 4266 fu
1595 4190 1666 4244 ritro-

355 4295 420 4343 oato
440 4303 479 4346 un
496 4288 629 4362 pietroue
649 4285 681 4342 di
700 4303 818 4345 nmmo.
861 4288 941 4348 Eum
963 4289 1111 4366 descripsi
1133 4291 1192 4350 sic:

905 4414 953 4509 nr
978 4437 986 4452 ·
1009 4402 1142 4546 esav(

1010 4517 1140 4576 avon

904 4581 1141 4676 Pourtstcl

946 4725 1138 4776 cos-Mn

904 4831 1118 4876 saltam-r

947 4933 1040 4980 REGES
1055 4947 1061 4960 ·
1076 4934 1112 4976 stt

945 5033 1031 5076 VLLA·
1038 5034 1105 5078 IACT
1106 5037 1126 5076 V

905 5132 1083 5189 osnrsszs
1103 5147 1109 5162 ·
1129 5135 1135 5174 ι

906 5136 1154 5320 rnIrnvsonuncs
