3610 5956
337 527 384 600 tt
911 539 1093 594 uounsau

336 717 396 776 Hic
422 716 528 776 titulus
556 715 669 774 relatus
699 715 778 790 apud
801 713 949 773 Orellium
976 734 1006 772 n.
1023 712 1061 771 57
1089 712 1163 770 mihi
1192 711 1314 787 quidem
1342 712 1409 788 ipse
1437 711 1536 770 falsus
1560 709 1672 767 ridetur

336 835 418 889 esse3
446 827 525 876 certe
551 817 629 876 male
656 817 763 884 dicitur
788 816 952 892 imperator
977 813 1187 872 Diocletianus
1215 811 1330 872 Caesar
1355 815 1512 889 Augustus
1541 819 1574 870 et
1599 810 1672 869 male

337 918 499 977 cohaerent
524 918 634 976 omnia.
679 914 739 976 Sed
766 926 799 974 ut
824 936 890 974 eam
919 916 1124 991 quaestionem
1154 913 1290 972 ulteriori
1316 913 1447 972 examini
1474 929 1675 982 reservemus,

337 1021 394 1078 hoc
414 1020 538 1078 dubium
559 1037 618 1076 non
640 1025 687 1075 est
704 1015 937 1076 Gutensteuium
959 1025 989 1074 et
1008 1016 1199 1092 imperatoris
1220 1015 1342 1073 nomina
1362 1025 1473 1073 temere
1495 1013 1674 1072 emendasse

339 1127 369 1180 et
400 1120 533 1193 sublata,
566 1139 643 1196 quae
676 1119 799 1177 thermis
832 1137 938 1194 parum
971 1117 1131 1174 convenire
1157 1117 1318 1188 videretur,
1349 1115 1577 1192 dactyliothece
1608 1115 1674 1172 sub·

339 1221 473 1280 stituisse
495 1221 687 1298 nympheum.

422 1321 491 1381 Hoc
516 1321 779 1398 interpolatiouum
806 1338 901 1397 genus
927 1338 993 1377 cum
1015 1321 1147 1396 primum
1169 1319 1292 1394 agnovi,
1319 1337 1379 1377 uon
1408 1318 1482 1376 satis
1513 1317 1546 1374 id
1573 1315 1673 1375 distin·

338 1440 433 1499 gneus
455 1424 493 1481 ab
514 1421 795 1498 interpolationibus
818 1421 1049 1496 antiquioribus,
1075 1420 1108 1477 id
1128 1421 1250 1492 estiis,
1276 1438 1353 1495 quae
1375 1419 1530 1494 profectae
1553 1437 1595 1476 ex
1615 1417 1672 1494 syl·
1764 1499 1765 1502 Ἴ

340 1524 418 1599 logis
441 1524 561 1598 scriptis
583 1522 705 1581 saeculo
719 1521 779 1579 XV
802 1528 863 1579 tum
886 1540 951 1579 cum
974 1521 1140 1580 scribebam
1163 1521 1260 1578 adhuc
1280 1520 1442 1580 latentibus
1464 1519 1602 1597 primum
1622 1536 1672 1594 pu·
1764 1531 1765 1538 ¹

341 1625 417 1682 blice
438 1624 534 1682 editae
556 1630 626 1682 sunt
647 1623 678 1681 in
695 1641 819 1699 corpore
833 1623 1040 1694 Mazochiano,
1062 1625 1159 1680 erravi
1175 1622 1284 1680 nonde
1299 1621 1414 1692 fraude,
1436 1623 1490 1680 sed
1506 1623 1546 1680 de
1561 1619 1671 1679 fraudis
1764 1619 1765 1690 l

342 1724 456 1800 origine
483 1731 514 1782 et
535 1730 641 1782 aetate.
684 1723 750 1781 Iam
776 1743 843 1781 cum
864 1723 998 1800 syllogus
1019 1724 1089 1781 illas
1110 1723 1339 1800 cognoverimus
1366 1723 1550 1800 perscrutati
1573 1720 1673 1780 biblic-

343 1826 461 1895 thecas,
488 1824 610 1882 videant
638 1825 658 1881 ii
684 1825 736 1900 qui
763 1824 865 1884 titulos
893 1826 1025 1883 urbanos
1051 1831 1283 1902 recognoscunt,
1312 1843 1382 1882 uum
1409 1825 1475 1884 lieri
1502 1824 1620 1902 possit,
1644 1830 1673 1878 ot
1764 1857 1765 1886 1

343 1926 471 2001 demptis
498 1926 795 2002 interpolationibus,
822 1943 898 2001 quas
926 1944 945 1982 a
974 1925 1171 1984 Gutenstenio
1199 1926 1349 2003 proiectas
1375 1943 1442 1984 esse
1471 1927 1549 1985 mihi
1577 1925 1674 1982 videor

343 2027 582 2100 demonstrasse,
610 2025 851 2086 Gutensteuiana
879 2044 915 2083 ea
941 2026 978 2086 de
1006 2028 1117 2102 quibus
1144 2027 1261 2105 agimus
1287 2027 1412 2086 redeant
1439 2026 1477 2085 ad
1506 2025 1673 2102 Carpeuaia
1764 2027 1765 2032 ’

342 2127 397 2186 illa
422 2137 564 2205 excerpta
590 2129 720 2204 itemque
742 2128 933 2186 Mazochium
961 2128 1074 2187 editum
1101 2146 1168 2186 cum
1191 2127 1406 2204 supplementis
1428 2129 1552 2206 scriptis
1575 2125 1672 2185 Metel·

343 2229 445 2288 lienis:
467 2237 500 2288 ut
521 2230 640 2288 taudem
663 2229 825 2305 aliquando
847 2231 982 2304 quiescat
1003 2229 1108 2287 umbra
1130 2229 1257 2288 moleste
1278 2229 1391 2288 codicis
1411 2229 1501 2288 istius
1517 2224 1673 2288 cardinalis
1764 2279 1765 2288 ,

345 2328 517 2406 carpensis,
540 2332 596 2390 sub
611 2349 671 2406 quo
686 2331 806 2390 nomine
821 2349 898 2406 quae
910 2329 1001 2396 hodie
1016 2331 1274 2401 circumferuntur,
1296 2349 1332 2388 ea
1345 2330 1484 2407 equidem
1499 2343 1672 2406 persuasum

344 2431 440 2489 habeo
469 2441 521 2508 aut
542 2432 679 2510 vulgaria
704 2449 771 2490 esse
797 2439 849 2489 aut
870 2448 969 2490 meras
991 2449 1087 2509 nugas
1109 2449 1128 2488 a
1151 2429 1350 2490 Gutensteuio
1372 2431 1572 2508 excogitatas.
1614 2427 1672 2486 Eos
1764 2485 1765 2490 ,

345 2541 445 2591 autem
473 2533 591 2606 titulos,
620 2533 672 2608 qui
699 2532 809 2608 prolati
837 2551 905 2591 cum
932 2532 1079 2590 eiusmodi
1105 2531 1279 2590 auctoritate
1304 2531 1498 2591 nihilominus
1525 2532 1633 2592 absunt
1656 2546 1672 2584 a
1764 2557 1765 2576 u

346 2633 466 2691 schedis
489 2633 609 2709 scriptis
625 2633 814 2704 Metellianis,
836 2651 913 2709 quas
936 2634 1098 2691 secundum
1121 2651 1157 2690 ea
1178 2651 1255 2710 quae
1276 2633 1407 2693 diximus
1428 2633 1489 2692 iam
1512 2633 1588 2693 satis
1608 2647 1672 2688 cou-

346 2741 406 2791 stat
426 2739 487 2790 tam
511 2733 614 2808 plenas
634 2751 702 2792 esse
723 2734 813 2792 hodie
833 2734 864 2791 iu
886 2734 1068 2792 bibliotheca
1083 2732 1231 2793 Vaticana
1251 2752 1342 2810 quam
1363 2735 1486 2793 luerunt
1507 2734 1589 2811 apud
1609 2728 1671 2789 Val-

346 2834 461 2904 laeum,
490 2843 569 2894 totos
591 2835 675 2892 lictus
696 2853 762 2893 esse
784 2836 914 2894 arbitror
935 2853 953 2892 a
975 2833 1190 2908 Gutenstcnio,
1219 2835 1309 2911 idque
1329 2836 1451 2911 quidam
1473 2842 1556 2894 certe
1576 2848 1671 2892 eorum

347 2933 530 2994 absurditate
551 2935 684 3014 insignes
707 2937 825 3012 egregie
847 2936 1032 2995 confirmant.
1076 2936 1217 3011 Exempli
1238 2953 1330 2994 causa
1351 2936 1445 3012 selegi
1466 2937 1558 2994 buno.

457 3063 556 3115 Romae
575 3065 602 3113 lu
622 3064 699 3114 domo
718 3065 779 3115 Iulii
797 3065 933 3114 Matthaei.

501 3155 554 3205 Pro
578 3156 659 3205 salute
683 3156 779 3205 reditus
799 3155 853 3204 diri
872 3156 926 3206 Titi
946 3154 1020 3205 Caes.
1044 3155 1099 3204 diri
1116 3156 1178 3220 imp.
1198 3155 1352 3220 Vespasiani
1370 3155 1442 3220 Aug.
1461 3156 1480 3204 f.
1500 3154 1535 3217 Q.
1554 3150 1670 3205 Laberius

500 3245 583 3298 Rufus
601 3262 652 3298 sao.
673 3247 715 3296 dei
735 3246 855 3297 Herculis
873 3263 898 3312 p.
919 3261 939 3297 s.
958 3262 985 3311 p.

458 3337 532 3390 Grut.
549 3339 610 3400 113,
625 3340 643 3388 4
659 3328 781 3390 ‘Grutero
792 3337 914 3388 Metellus
933 3351 947 3386 e
966 3353 1014 3387 ms.
1031 3337 1088 3388 cod.
1103 3338 1195 3388 Fraus.
1209 3335 1291 3400 [iuuao
1303 3335 1401 3401 fratris]
1414 3337 1524 3387 iucundi
1538 3336 1583 3402 qui
1594 3321 1670 3383 ridit’·

349 3451 456 3512 Nonne
482 3454 523 3526 is,
552 3453 605 3530 qui
634 3452 682 3511 hie
708 3451 843 3511 venditat
868 3458 940 3509 vota
965 3453 1068 3510 nescio
1096 3470 1174 3528 quae
1200 3469 1254 3528 pro
1281 3451 1342 3510 divi
1367 3451 1558 3528 imperatoris
1584 3445 1672 3508 reditu

350 3567 491 3632 suscepta
516 3555 627 3630 quique
654 3552 833 3630 gemmulam
858 3571 1010 3630 perrarum
1031 3553 1145 3611 invenit
1166 3551 1292 3611 salutem
1314 3572 1374 3612 non
1395 3553 1600 3628 imperatoris,
1625 3543 1671 3606 sed
1764 3593 1765 3602 .

349 3654 477 3725 reditus,
505 3655 595 3729 plane
619 3654 699 3712 idem
725 3663 787 3726 est,
814 3671 902 3729 quem
924 3672 1016 3731 supra
1037 3652 1164 3712 vidimus
1186 3653 1325 3729 genetivo
1344 3653 1473 3713 Pietatis
1494 3672 1551 3730 pro
1572 3644 1671 3710 Pietati

350 3753 472 3825 offendi,
492 3754 700 3829 imperatorem
719 3752 881 3812 Gaesarem
903 3755 1003 3813 divum
1018 3753 1148 3814 Nervam
1163 3753 1328 3814 Traianum
1351 3773 1456 3815 secure
1477 3743 1672 3830 concoquere?
1764 3739 1765 3792 l

351 3854 442 3913 Addo
464 3863 630 3914 monstrum
651 3855 810 3932 gemellum
832 3864 863 3915 et
884 3863 983 3916 taceo:

461 3984 559 4036 Romae
578 3985 605 4034 in
624 3985 721 4050 palatio
742 3985 879 4035 cardinalis
900 3984 1053 4036 Gsuuensis.

506 4076 636 4126 Felicitati
653 4092 711 4141 aug.
731 4082 757 4126 et
775 4076 951 4140 providentiae
970 4076 1025 4126 diri
1044 4077 1100 4126 Titi
1118 4077 1179 4140 imp.
1194 4076 1349 4141 Vespasiani
1368 4077 1435 4142 Aug.
1455 4076 1475 4126 i.
1494 4075 1600 4126 sublatis
1616 4081 1670 4136 pop·

394 4205 396 4210 ,
504 4168 580 4218 Rom.
593 4163 689 4219 hostib.
703 4167 929 4233 perniciosissimis
943 4167 972 4218 C.
986 4167 1078 4218 Aelius
1091 4167 1228 4220 Successus
1241 4168 1271 4218 1..
1286 4166 1408 4218 Cocceius
1421 4167 1496 4218 Felix
1510 4182 1530 4217 s.
1545 4182 1570 4231 p.
1582 4164 1600 4214 i.
1613 4177 1633 4211 c·
1764 4159 1765 4184 l

411 4332 414 4338 .
463 4259 536 4310 Grut
552 4261 614 4334 244,
630 4262 645 4310 8
663 4251 791 4312 ‘Gutenst
811 4275 825 4308 e
845 4274 892 4308 ms.
911 4250 1032 4309 Metelli'.

437 4374 466 4432 4.
511 4372 617 4433 Smetii
639 4374 757 4450 sylloge
779 4374 901 4449 scripta,
923 4373 1001 4432 unde
1021 4382 1165 4450 excerpta
1184 4391 1277 4450 supra
1297 4373 1429 4432 diximus
1452 4371 1611 4432 Gruterum
1631 4380 1672 4421 ιθ·

355 4483 441 4550 cepta
466 4475 578 4534 referre
606 4493 672 4533 cum
696 4473 839 4552 Scioppio
866 4483 927 4533 tum
949 4475 1126 4551 praesertim
1148 4473 1363 4551 Gutenstenio,
1391 4493 1459 4533 cum
1480 4473 1577 4532 adhuc
1600 4469 1673 4528 extet
1764 4483 1765 4504 t

356 4584 476 4633 servata
500 4573 589 4634 hodic
613 4575 643 4632 in
666 4575 845 4634 bibliotheca
865 4576 986 4653 publica
1006 4575 1208 4653 Neapolitana
1229 4575 1308 4651 (cod.
1324 4575 1360 4634 V.
1382 4575 1419 4634 E.
1442 4574 1543 4651 bfol.)
1571 4579 1601 4632 et
1619 4573 1673 4626 l⁰1⁸

356 4683 459 4734 nostru
484 4693 576 4735 causa
602 4693 735 4735 excussa
761 4678 816 4749 sit,
846 4695 900 4736 nee
921 4677 995 4736 milri
1016 4695 1070 4736 nec
1091 4677 1172 4754 quod
1194 4677 1286 4735 sciam
1308 4675 1410 4754 operis
1433 4675 1524 4736 sociis
1545 4681 1672 4747 umqumn
1764 4677 1765 4680 ’

357 4777 387 4834 in
410 4777 559 4853 excerptis
576 4775 765 4836 Gruterianis
786 4777 1033 4853 interpolationes
1055 4795 1088 4836 se
1109 4777 1331 4854 obtulerunt1).
1367 4776 1495 4838 Videtur
1514 4777 1604 4855 igitur
1619 4765 1673 4828 Gn·
1764 4849 1765 4862 χ

436 4984 459 5047 ¹)
486 4987 591 5037 Monuit
601 4986 766 5036 Burmannus
784 4987 851 5036 tituli
862 4987 911 5050 VI,
927 4987 997 5038 1025
1013 5006 1046 5029 =
1061 4987 1135 5039 Grut.
1151 4987 1244 5050 261,b
1265 4985 1324 5036 dieo
1341 4982 1472 5037 Commodo
1491 4993 1539 5036 cet.
1559 4997 1613 5035 cum
1630 4973 1671 5025 ¹15¹
1764 4953 1765 4958 ¹

359 5083 448 5138 autent
465 5076 498 5128 de
515 5077 605 5142 lapide
624 5083 733 5141 excepta
752 5079 871 5143 exempla
889 5079 980 5131 Smetii
999 5078 1027 5128 in
1045 5093 1092 5128 ms.
1111 5079 1157 5128 illo
1175 5077 1364 5143 Neapolitano,
1387 5076 1489 5129 Budaei
1508 5075 1577 5142 apud
1593 5063 1671 5124 Metel·

359 5166 425 5230 lum,
446 5167 594 5232 Cittadinii,
620 5168 706 5219 omnia
726 5169 802 5220 finire
823 5170 851 5220 iu
869 5171 995 5222 uocabulo
1014 5167 1176 5220 Philumenae
1194 5175 1220 5220 et
1236 5169 1327 5222 abesse
1345 5169 1377 5220 ab
1396 5170 1428 5220 iis
1446 5168 1586 5220 mulam
1603 5160 1626 5212 d·
1643 5152 1672 5213 d,
