3582 5956
521 623 820 680 osssavsurouus
839 626 957 680 umus.
975 627 1025 680 x1.
1362 620 1439 698 225

106 723 1438 757 Q

102 799 236 860 diversis
258 797 446 857 diversarum
469 797 587 856 urbium
609 805 639 856 et
660 797 740 875 apud
755 795 915 876 Polybium
936 799 1095 860 mirificum
1115 810 1164 862 est
1184 817 1216 865 et
1234 826 1331 886 paene
1353 815 1439 878 dixe.

101 900 161 960 rim
187 897 379 972 incredibile,
408 917 475 958 cum
496 900 525 958 is
547 915 713 959 consensus
734 906 815 958 recte
836 917 870 959 se
891 901 1052 961 babeatis
1072 903 1197 966 honoris
1219 910 1438 990 significatione

101 1003 240 1080 legitima
261 1001 462 1078 diuturnoque
483 1019 540 1060 usu
561 1008 691 1078 recepta.
726 1000 847 1060 Deinde
867 1019 944 1078 quae
965 1005 1120 1065 attulimus
1141 1016 1308 1093 στρατηγοῦ
1327 1009 1440 1078 ὑπάτου

102 1103 240 1181 lapidum
267 1103 441 1162 testimonia
467 1112 583 1161 tantum
604 1103 704 1176 abest,
731 1111 764 1162 ut
785 1102 998 1181 appellativum
1020 1107 1128 1168 summi
1149 1109 1235 1172 ducis
1256 1101 1438 1182 mentionem

102 1205 280 1275 admittant,
313 1212 346 1263 ut
374 1203 527 1281 propriam
554 1203 748 1282 magistratus
777 1204 1048 1266 denominationem
1077 1215 1246 1274 necessario
1273 1222 1437 1296 requirant.

102 1305 213 1383 Neque
234 1304 314 1365 enim
330 1305 430 1379 video,
443 1325 512 1384 »quo
533 1306 599 1365 iure
620 1307 755 1382 posuerit
770 1305 1021 1384 Waddiugtonius
1036 1309 1206 1375 Romanum
1226 1319 1436 1397 magistratum

102 1409 135 1468 in
163 1417 286 1469 senatus
311 1407 458 1468 consultis
480 1407 600 1484 quidem
622 1407 756 1486 legitima
776 1408 978 1486 appellatione
999 1410 1150 1490 designari
1171 1416 1324 1495 debuisse,
1353 1432 1384 1484 at
1405 1427 1437 1486 iu
1494 1439 1502 1454 ·

102 1508 203 1568 titulis
225 1508 253 1568 ei
274 1509 420 1569 dedicatis
441 1509 576 1587 ipsisque
599 1509 736 1588 epistulis
758 1509 797 1567 ab
819 1527 855 1567 ec
876 1507 955 1569 datis
978 1513 1116 1574 sufficere
1137 1519 1266 1593 quodvis
1288 1543 1347 1583 uon
1370 1545 1438 1604 pro.

101 1612 203 1690 prium
223 1611 404 1672 vocabulum
423 1612 468 1670 rei
490 1621 601 1688 aptum.
639 1610 735 1672 Immo
757 1629 855 1688 neque
871 1607 1056 1674 Graecorum
1078 1635 1151 1676 usus
1173 1621 1204 1678 et
1225 1622 1318 1682 multo
1339 1629 1439 1689 miuus

102 1712 281 1773 Latinorum
302 1713 442 1786 admittit,
465 1722 498 1772 ut
518 1730 619 1790 regem
641 1714 690 1772 vel
710 1713 863 1773 consulem
886 1714 934 1773 vel
955 1717 1119 1792 quemlibet
1137 1720 1265 1800 denique
1278 1729 1437 1805 magistra-

103 1823 169 1875 tum
190 1815 328 1876 enunties
349 1817 473 1895 proprio
494 1814 619 1874 honoris
641 1816 761 1874 nomine
783 1832 947 1893 suppresso
970 1817 1192 1897 substitutoque
1213 1825 1245 1884 iu
1259 1827 1325 1886 eius
1340 1829 1437 1892 locum

103 1917 253 1977 vocabulo
280 1917 340 1977 alio
362 1917 401 1976 ad
422 1916 578 1976 arbitrium
599 1917 704 1976 electo.
748 1915 845 1992 Quam
868 1918 991 1977 obrem
1013 1938 1080 1978 cum
1101 1921 1176 1983 haec
1197 1927 1358 2003 explicatio
1381 1935 1438 1993 rei-

104 2017 213 2078 cienda
233 2021 283 2092 sit,
304 2019 490 2079 redeundum
511 2029 559 2078 est
579 2019 700 2078 omnino
722 2019 759 2077 ad
782 2031 875 2096 supra
895 2021 1079 2098 propositam
1102 2033 1133 2082 et
1152 2024 1316 2088 defensam.

190 2117 253 2180 Sed
271 2131 388 2181 restant
408 2121 610 2181 dubitationes
631 2120 778 2197 quaedam
793 2119 1030 2199 Waddingtonii,
1052 2126 1163 2199 quibus
1180 2127 1436 2209 iam'respondeu·

103 2221 177 2282 dum
198 2213 258 2294 eat3
280 2221 389 2301 dignae
410 2224 488 2283 enim
511 2232 582 2283 sunt
602 2222 702 2281 solida
722 2217 787 2280 eius
801 2223 860 2282 viri
879 2222 1023 2298 doctriua,
1046 2243 1138 2303 aquo
1153 2219 1243 2288 etiam
1258 2233 1307 2291 ubi
1323 2232 1440 2295 dissen-

105 2325 175 2398 tias,
191 2341 308 2402 semper
318 2325 469 2404 proficias.
505 2325 641 2385 Primum
657 2322 737 2400 quod
752 2324 866 2383 monuit
880 2327 1044 2409 στρατηγοῦ
1057 2317 1167 2386 ὑπάτου
1183 2333 1364 2393 vccabulum
1378 2354 1445 2395 non
1500 2360 1505 2369 ·

103 2425 234 2486 inveniri
253 2426 311 2486 nisi
332 2428 364 2486 iu
386 2427 480 2486 titulis
501 2425 729 2503 proconsulum,
750 2443 811 2484 uon
830 2427 997 2500 consulum,
1018 2427 1118 2506 itaque
1133 2432 1214 2492 vices
1228 2433 1326 2494 facere
1341 2431 1439 2494 α’νθυ·

104 2521 199 2586 πάτου
222 2528 362 2588 vocabuli
383 2537 490 2606 postea
512 2529 631 2588 demum
652 2526 822 2601 introducti,
844 2528 874 2587 id
896 2529 964 2604 ipsa
983 2549 1016 2588 re
1037 2529 1195 2606 refellitur,
1216 2533 1243 2593 si
1264 2543 1345 2596 reete
1367 2555 1439 2618 sup-

105 2629 257 2707 plevimus
273 2638 394 2690 senatus
410 2630 578 2690 consultum
593 2629 629 2688 de
643 2629 859 2690 Prienensibus
874 2638 904 2690 et
919 2626 1030 2690 Samiis
1045 2650 1073 2690 a.
1086 2630 1146 2692 619
1169 2633 1212 2711 (p.
1230 2636 1314 2713 156).
1346 2638 1438 2700 Prae·

103 2743 190 2792 terea
215 2730 274 2791 etsi
300 2721 474 2790 ἀνθυπάτου
502 2731 679 2791 vocabulum
705 2733 880 2792 recentioris
907 2731 1033 2812 originis
1057 2744 1118 2806 est,
1145 2735 1224 2796 sicut
1248 2737 1348 2815 ipsum
1370 2759 1440 2818 pro·

104 2831 241 2894 consulis
271 2851 459 2911 nequaquam
487 2839 637 2894 vetustum
664 2842 725 2906 est,
753 2834 810 2893 dici
838 2834 937 2912 potuit
963 2842 996 2893 nt
1018 2853 1077 2911 pro
1106 2837 1219 2896 consule
1242 2836 1369 2914 Latine,
1397 2843 1441 2902 ita

106 2934 225 2996 Graece
247 2923 308 2991 rivel
329 2937 494 3019 στρατηγοῦ
510 2924 618 2992 ὑπάτου
641 2935 688 2994 vel
709 2930 779 2993 ἄνθ’
794 2927 915 2994 ὑπάτου.
953 2932 1043 3009 Quod
1064 2938 1116 3012 qui
1137 2939 1346 3016 improbabant
1366 2949 1441 3003 tam·

105 3055 199 3115 quam
226 3035 363 3097 insolens
392 3044 423 3095 et
449 3055 469 3095 a
493 3033 612 3096 Graeco
640 3054 699 3096 usu
726 3037 905 3110 abhorrens,
934 3053 988 3096 eos
1016 3037 1158 3098 credibile
1185 3048 1232 3098 est
1258 3059 1320 3101 non
1347 3045 1439 3104 absti-

106 3139 211 3200 nuisse
232 3146 392 3218 propterea
413 3138 451 3197 ab
473 3138 554 3198 omni
574 3139 697 3217 proprio
719 3138 876 3211 vocabulo,
901 3136 955 3196 sed
976 3137 1149 3216 confugisse
1169 3141 1270 3216 potius
1292 3142 1331 3201 ad
1353 3161 1441 3206 usum

105 3249 188 3302 certe
211 3238 367 3302 Ciceronis
395 3247 493 3300 aetate
517 3240 609 3318 vulgo
636 3249 788 3317 receptum
815 3237 1009 3314 (Marquardt
1030 3239 1061 3296 in
1081 3239 1246 3301 enchiridio
1270 3243 1303 3315 3,
1329 3244 1438 3316 1,2⁷7

106 3363 138 3402 n.
156 3341 262 3418 1909),
285 3351 318 3401 ut
337 3341 389 3419 qui
409 3359 465 3418 pro
487 3341 611 3400 consule
633 3341 682 3400 vel
701 3359 758 3418 pro
779 3348 918 3417 praetore
939 3346 1029 3411 esset,
1051 3341 1160 3400 consul
1180 3349 1339 3420 praetorve
1362 3344 1443 3405 dice·

106 3454 201 3504 retur.
246 3440 327 3517 Quid
353 3442 434 3519 quod
461 3461 499 3502 ne
525 3441 562 3500 de
589 3449 724 3519 tempore
749 3439 869 3516 quidem
896 3439 970 3499 satis
997 3446 1128 3515 constat,
1154 3461 1215 3520 qno
1236 3443 1301 3504 eius
1323 3446 1442 3522 generis

107 3543 257 3606 vocabula
287 3545 321 3602 in¹
353 3560 520 3602 sermonem
544 3540 687 3601 Latinum
718 3543 761 3600 ita
790 3540 1008 3617 reciperentur,
1041 3544 1153 3619 utqui
1180 3561 1236 3621 pro
1265 3546 1442 3624 magistratu

108 3647 249 3720 essetis
271 3643 405 3722 legitime
426 3645 621 3721 magistratus
643 3641 703 3702 dici
722 3661 783 3702 non
796 3649 909 3720 posset.
948 3639 1028 3704 Sane
1050 3643 1105 3704 etsi
1127 3662 1187 3704 non
1204 3645 1290 3707 licuit
1305 3645 1443 3709 Ciceroni

109 3747 346 3826 aequalibusque
367 3745 433 3805 eius
453 3744 486 3803 in
507 3745 646 3822 epistulis
667 3743 864 3804 inscribendis
887 3744 1041 3803 cormulem
1063 3744 1216 3822 appellare
1238 3749 1289 3824 qui
1304 3767 1360 3826 pro
1374 3769 1443 3811 con·

109 3850 178 3910 sule
204 3856 301 3921 essct,
327 3846 397 3907 inde
426 3864 485 3905 non
506 3855 586 3905 recte
614 3845 740 3923 colliges
767 3845 848 3905 idem
875 3862 935 3904 non
962 3845 1087 3906 licuisse
1115 3843 1262 3910 Graeciae
1290 3850 1445 3911 liberatori

112 3951 151 4011 T.
173 3949 355 4010 Flaminino.

196 4049 327 4112 Gravius
354 4059 415 4125 cst,
443 4052 524 4129 quod
543 4059 700 4128 praeterea
721 4049 865 4126 opposuit
879 4048 1131 4127 Waddingtouius
1153 4051 1191 4126 (l.
1207 4071 1232 4111 a
1255 4055 1336 4114 etin
1357 4055 1444 4114 fastis

110 4151 285 4232 provinciae
306 4151 401 4212 Asiae
427 4172 456 4230 p.
474 4152 584 4228 dlecq.
607 4149 653 4210 ed.
676 4149 831 4224 mineris),
858 4147 893 4208 G.
916 4148 1065 4208 Fannium
1088 4159 1257 4227 praetorem
1280 4172 1308 4212 a.
1324 4154 1384 4212 toe
1412 4155 1443 4213 in

110 4253 244 4331 epistula
270 4254 308 4313 ab
334 4253 402 4329 ipso
427 4253 539 4331 scripta
560 4253 657 4312 relata
678 4250 758 4329 apud
779 4249 941 4328 Iosephum
963 4251 1056 4325 antiq.
1080 4250 1257 4323 14,10,15
1280 4252 1339 4312 dici
1360 4273 1444 4337 erpe-

109 4348 201 4432 nppds
228 4345 353 4421 ὕπατον,
379 4353 451 4413 item
478 4353 557 4430 apud
585 4352 712 4413 eundem
743 4351 797 4422 14,
822 4348 914 4422 10‚8
943 4349 1055 4408 Iulium
1085 4348 1196 4411 Gaium
1224 4353 1328 4414 nescio
1355 4372 1445 4432 quem

111 4455 248 4518 eiusdem
271 4455 378 4514 aetatis
400 4455 549 4515 bominem
571 4453 752 4531 pariterque,
774 4461 807 4511 ut
821 4449 947 4523 videtur,
968 4458 1109 4527 praetura
1129 4451 1301 4529 fungentem
1319 4454 1351 4512 iu
1365 4455 1445 4531 cpis-

110 4557 179 4617 tula
199 4573 255 4616 sua
275 4555 422 4634 appellari
443 4548 603 4638 erperepdv
621 4543 730 4611 ὕπατον
749 4543 902 4620 Ῥωμαίων.
938 4549 1073 4610 Admisit
1086 4551 1337 4630 Waddingtouius
1352 4555 1445 4632 signi·

110 4658 198 4720 liceri
219 4657 264 4717 sic
285 4657 390 4718 ducem
411 4657 562 4717 exercitus
584 4654 668 4714 nulla
684 4654 807 4713 honoris
823 4651 1106 4712 commemoratione
1119 4652 1212 4727 iacta3
1234 4662 1266 4712 at
1281 4654 1313 4713 id
1327 4665 1445 4716 coutra-

109 4761 191 4820 rium
212 4776 280 4820 ease
301 4759 510 4820 consuetudini
523 4755 678 4817 Romanae
699 4771 791 4833 supra
812 4753 941 4812 ostendi.
977 4749 1116 4829 Denique
1134 4754 1186 4830 qui
1200 4755 1346 4831 epistulae
1360 4776 1446 4835 prae·

110 4859 237 4938 scripsit
247 4861 305 4920 sict
319 4847 406 4922 Prisce
415 4847 532 4921 idonee
541 4849 628 4916 Polou
644 4851 702 4918 uide
716 4848 876 4938 evemplo
886 4845 993 4914 ὕπατος
1003 4845 1090 4929 Κῴων
1100 4841 1230 4938 ἄρχουσι
1243 4847 1365 4940 χαίρειν,
1379 4843 1446 4918 cuni

110 4965 145 5024 in
167 4961 297 5022 nummis
319 4977 356 5020 eo
376 4959 445 5039 ipro
466 4977 546 5020 anno
568 4957 694 5036 signatis
707 4955 876 5033 appelletur
893 4951 926 5013 0.
941 4953 1103 5031 Formiae)
1114 4954 1273 5032 pontiae)
1282 4957 1445 5036 punem),

111 5081 183 5124 eum
204 5063 273 5140 quis
294 5061 395 5123 credet
415 5062 447 5122 in
467 5061 523 5120 illa
542 5053 776 5137 praescripticire
797 5047 958 5138 στρυτηγόν
978 5072 1011 5115 ee
1033 5055 1147 5117 dixisse
1160 5063 1314 5135 tamquam
1330 5059 1446 5133 ducem,

107 5181 176 5226 non
201 5171 353 5241 tamquam
379 5159 568 5244 praetorem?
611 5157 765 5236 Sequitur,
792 5166 827 5216 ut
846 5149 1006 5240 erema-pie
1026 5144 1134 5220 sinerer
1153 5157 1185 5216 in
1205 5158 1287 5218 hisce
1308 5159 1446 5238 epistulis

110 5264 238 5345 scriptis
248 5265 368 5328 ineunte
382 5264 502 5328 saeculo
517 5271 624 5324 octavo
639 5257 723 5322 aliud
737 5257 887 5339 significet
899 5265 990 5336 atque
1004 5257 1133 5320 vidimus
1148 5259 1318 5336 significare
1331 5260 1363 5318 in
1377 5259 1447 5319 titu-

1183 5359 1220 5418 16
