<?xml version="1.0" encoding="UTF-8"?>
<!DOCTYPE html PUBLIC "-//W3C//DTD XHTML 1.0 Transitional//EN"
    "http://www.w3.org/TR/xhtml1/DTD/xhtml1-transitional.dtd">
<html xmlns="http://www.w3.org/1999/xhtml" xml:lang="en" lang="en">
 <head>
  <title>
</title>
<meta http-equiv="Content-Type" content="text/html;charset=utf-8" />
  <meta name='ocr-system' content='tesseract 3.04.00' />
  <meta name='ocr-capabilities' content='ocr_page ocr_carea ocr_par ocr_line ocrx_word'/>
</head>
<body>
  <div class='ocr_page' id='page_1' title='image "./ephemerisepigra19instgoog_0214.png"; bbox 0 0 3582 5956; ppageno 0'>
   <div class='ocr_carea' id='block_1_1' title="bbox 127 582 1450 654">
    <p class='ocr_par' dir='ltr' id='par_1_1' title="bbox 127 582 1450 654">
     <span class='ocr_line' id='line_1_1' title="bbox 127 582 1450 654; baseline 0.002 -2"><span class='ocrx_word' id='word_1_1' title='bbox 127 601 257 653; x_wconf 79' lang='lat' dir='ltr'><strong>aer-roa</strong></span> <span class='ocrx_word' id='word_1_2' title='bbox 596 595 987 650; x_wconf 72' lang='lat' dir='ltr'><strong>vonnmsnnunavn.</strong></span> <span class='ocrx_word' id='word_1_3' title='bbox 1380 582 1450 654; x_wconf 88' lang='lat'><strong>183</strong></span> 
     </span>
    </p>
   </div>
   <div class='ocr_carea' id='block_1_2' title="bbox 122 767 1454 2272">
    <p class='ocr_par' dir='ltr' id='par_1_2' title="bbox 122 767 1454 2272">
     <span class='ocr_line' id='line_1_2' title="bbox 127 767 1453 855; baseline 0.005 -22"><span class='ocrx_word' id='word_1_4' title='bbox 127 771 380 851; x_wconf 87' lang='lat' dir='ltr'><strong>septentrionea);</strong></span> <span class='ocrx_word' id='word_1_5' title='bbox 402 770 460 832; x_wconf 87' lang='lat' dir='ltr'><strong>nisi</strong></span> <span class='ocrx_word' id='word_1_6' title='bbox 480 769 557 830; x_wconf 84' lang='lat' dir='ltr'><strong>iorte</strong></span> <span class='ocrx_word' id='word_1_7' title='bbox 573 767 704 830; x_wconf 82' lang='lat' dir='ltr'><strong>Cornide</strong></span> <span class='ocrx_word' id='word_1_8' title='bbox 724 769 835 830; x_wconf 85' lang='lat' dir='ltr'><strong>erravit</strong></span> <span class='ocrx_word' id='word_1_9' title='bbox 856 779 946 847; x_wconf 89' lang='lat' dir='ltr'><strong>atque</strong></span> <span class='ocrx_word' id='word_1_10' title='bbox 967 770 998 830; x_wconf 91' lang='lat' dir='ltr'><strong>in</strong></span> <span class='ocrx_word' id='word_1_11' title='bbox 1018 770 1072 831; x_wconf 94' lang='lat' dir='ltr'><strong>illo</strong></span> <span class='ocrx_word' id='word_1_12' title='bbox 1093 790 1213 850; x_wconf 89' lang='lat' dir='ltr'><strong>quoque</strong></span> <span class='ocrx_word' id='word_1_13' title='bbox 1236 791 1289 835; x_wconf 68' lang='lat' dir='ltr'><strong>La</strong></span> <span class='ocrx_word' id='word_1_14' title='bbox 1310 779 1453 855; x_wconf 89' lang='lat' dir='ltr'><strong>scriptum</strong></span> 
     </span>
     <span class='ocr_line' id='line_1_3' title="bbox 125 869 1453 954; baseline 0.005 -20"><span class='ocrx_word' id='word_1_15' title='bbox 125 883 201 934; x_wconf 84' lang='lat' dir='ltr'><strong>erat.</strong></span> <span class='ocrx_word' id='word_1_16' title='bbox 237 873 317 933; x_wconf 88' lang='lat' dir='ltr'><strong>Puto</strong></span> <span class='ocrx_word' id='word_1_17' title='bbox 339 872 417 931; x_wconf 90' lang='lat' dir='ltr'><strong>enim</strong></span> <span class='ocrx_word' id='word_1_18' title='bbox 439 871 528 931; x_wconf 88' lang='lat' dir='ltr'><strong>etiam</strong></span> <span class='ocrx_word' id='word_1_19' title='bbox 551 869 752 934; x_wconf 84' lang='lat' dir='ltr'><strong>Salacienscm</strong></span> <span class='ocrx_word' id='word_1_20' title='bbox 775 870 893 932; x_wconf 90' lang='lat' dir='ltr'><strong>titulum</strong></span> <span class='ocrx_word' id='word_1_21' title='bbox 915 869 1113 953; x_wconf 82' lang='lat' dir='ltr'><strong>Caetobrigae</strong></span> <span class='ocrx_word' id='word_1_22' title='bbox 1133 887 1284 954; x_wconf 88' lang='lat' dir='ltr'><strong>repertum</strong></span> <span class='ocrx_word' id='word_1_23' title='bbox 1304 897 1387 953; x_wconf 77' lang='lat' dir='ltr'><strong>esae3</strong></span> <span class='ocrx_word' id='word_1_24' title='bbox 1409 881 1453 940; x_wconf 87' lang='lat' dir='ltr'><strong>vi·</strong></span> 
     </span>
     <span class='ocr_line' id='line_1_4' title="bbox 125 971 1453 1052; baseline 0.007 -18"><span class='ocrx_word' id='word_1_25' title='bbox 125 975 212 1036; x_wconf 89' lang='lat' dir='ltr'><strong>derat</strong></span> <span class='ocrx_word' id='word_1_26' title='bbox 232 975 318 1035; x_wconf 91' lang='lat' dir='ltr'><strong>illum</strong></span> <span class='ocrx_word' id='word_1_27' title='bbox 340 971 465 1033; x_wconf 81' lang='lat' dir='ltr'><strong>Clusius</strong></span> <span class='ocrx_word' id='word_1_28' title='bbox 487 973 518 1032; x_wconf 93' lang='lat' dir='ltr'><strong>in</strong></span> <span class='ocrx_word' id='word_1_29' title='bbox 539 972 671 1049; x_wconf 74' lang='lat' dir='ltr'><strong>Alcopcr</strong></span> <span class='ocrx_word' id='word_1_30' title='bbox 692 974 728 1032; x_wconf 84' lang='lat' dir='ltr'><strong>do</strong></span> <span class='ocrx_word' id='word_1_31' title='bbox 748 971 805 1034; x_wconf 83' lang='lat' dir='ltr'><strong>Sol</strong></span> <span class='ocrx_word' id='word_1_32' title='bbox 825 973 892 1033; x_wconf 87' lang='lat' dir='ltr'><strong>vico</strong></span> <span class='ocrx_word' id='word_1_33' title='bbox 913 991 947 1033; x_wconf 81' lang='lat' dir='ltr'><strong>en</strong></span> <span class='ocrx_word' id='word_1_34' title='bbox 968 976 996 1034; x_wconf 84' lang='lat' dir='ltr'><strong>el</strong></span> <span class='ocrx_word' id='word_1_35' title='bbox 1015 975 1100 1050; x_wconf 74' lang='lat' dir='ltr'><strong>broco</strong></span> <span class='ocrx_word' id='word_1_36' title='bbox 1123 979 1157 1037; x_wconf 85' lang='lat' dir='ltr'><strong>dc</strong></span> <span class='ocrx_word' id='word_1_37' title='bbox 1171 978 1300 1052; x_wconf 84' lang='lat' dir='ltr'><strong>Setabol,</strong></span> <span class='ocrx_word' id='word_1_38' title='bbox 1322 980 1453 1043; x_wconf 80' lang='lat' dir='ltr'><strong>Cornide</strong></span> 
     </span>
     <span class='ocr_line' id='line_1_5' title="bbox 126 1074 1454 1155; baseline 0.005 -18"><span class='ocrx_word' id='word_1_39' title='bbox 126 1096 222 1155; x_wconf 89' lang='lat' dir='ltr'><strong>prope</strong></span> <span class='ocrx_word' id='word_1_40' title='bbox 244 1076 399 1136; x_wconf 85' lang='lat' dir='ltr'><strong>ecelesiam</strong></span> <span class='ocrx_word' id='word_1_41' title='bbox 422 1077 457 1135; x_wconf 83' lang='lat' dir='ltr'><strong>de</strong></span> <span class='ocrx_word' id='word_1_42' title='bbox 475 1075 506 1133; x_wconf 86' lang='lat' dir='ltr'><strong>lc</strong></span> <span class='ocrx_word' id='word_1_43' title='bbox 521 1074 735 1147; x_wconf 75' lang='lat' dir='ltr'><strong><em>Misericordia,</em></strong></span> <span class='ocrx_word' id='word_1_44' title='bbox 758 1075 846 1134; x_wconf 89' lang='lat' dir='ltr'><strong>sitam</strong></span> <span class='ocrx_word' id='word_1_45' title='bbox 867 1074 951 1134; x_wconf 88' lang='lat' dir='ltr'><strong>illam</strong></span> <span class='ocrx_word' id='word_1_46' title='bbox 971 1076 1003 1136; x_wconf 94' lang='lat' dir='ltr'><strong>in</strong></span> <span class='ocrx_word' id='word_1_47' title='bbox 1024 1079 1105 1154; x_wconf 84' lang='lat' dir='ltr'><strong>agris</strong></span> <span class='ocrx_word' id='word_1_48' title='bbox 1126 1081 1203 1140; x_wconf 90' lang='lat' dir='ltr'><strong>inter</strong></span> <span class='ocrx_word' id='word_1_49' title='bbox 1223 1100 1307 1142; x_wconf 89' lang='lat' dir='ltr'><strong>oram</strong></span> <span class='ocrx_word' id='word_1_50' title='bbox 1328 1080 1454 1144; x_wconf 86' lang='lat' dir='ltr'><strong>Setube-</strong></span> 
     </span>
     <span class='ocr_line' id='line_1_6' title="bbox 125 1175 1453 1262; baseline 0.006 -24"><span class='ocrx_word' id='word_1_51' title='bbox 125 1179 241 1239; x_wconf 88' lang='lat' dir='ltr'><strong>lensem</strong></span> <span class='ocrx_word' id='word_1_52' title='bbox 262 1187 293 1238; x_wconf 93' lang='lat' dir='ltr'><strong>et</strong></span> <span class='ocrx_word' id='word_1_53' title='bbox 314 1175 463 1238; x_wconf 75' lang='lat' dir='ltr'><strong>Salaciam</strong></span> <span class='ocrx_word' id='word_1_54' title='bbox 485 1183 625 1248; x_wconf 87' lang='lat' dir='ltr'><strong>veterem,</strong></span> <span class='ocrx_word' id='word_1_55' title='bbox 647 1176 778 1253; x_wconf 91' lang='lat' dir='ltr'><strong>quaein</strong></span> <span class='ocrx_word' id='word_1_56' title='bbox 798 1176 927 1252; x_wconf 71' lang='lat' dir='ltr'><strong>Akucor</strong></span> <span class='ocrx_word' id='word_1_57' title='bbox 947 1179 984 1237; x_wconf 87' lang='lat' dir='ltr'><strong>do</strong></span> <span class='ocrx_word' id='word_1_58' title='bbox 1003 1178 1060 1240; x_wconf 83' lang='lat' dir='ltr'><strong>Sol</strong></span> <span class='ocrx_word' id='word_1_59' title='bbox 1079 1180 1242 1242; x_wconf 88' lang='lat' dir='ltr'><strong>collocatur</strong></span> <span class='ocrx_word' id='word_1_60' title='bbox 1262 1184 1365 1262; x_wconf 90' lang='lat' dir='ltr'><strong>aliqua</strong></span> <span class='ocrx_word' id='word_1_61' title='bbox 1386 1205 1453 1246; x_wconf 89' lang='lat' dir='ltr'><strong>cum</strong></span> 
     </span>
     <span class='ocr_line' id='line_1_7' title="bbox 122 1277 1453 1359; baseline 0.007 -20"><span class='ocrx_word' id='word_1_62' title='bbox 122 1279 346 1358; x_wconf 61' lang='lat' dir='ltr'><strong>probabilitate,</strong></span> <span class='ocrx_word' id='word_1_63' title='bbox 368 1279 430 1338; x_wconf 84' lang='lat' dir='ltr'><strong>lere</strong></span> <span class='ocrx_word' id='word_1_64' title='bbox 444 1277 561 1351; x_wconf 84' lang='lat' dir='ltr'><strong>mediis,</strong></span> <span class='ocrx_word' id='word_1_65' title='bbox 581 1277 789 1354; x_wconf 85' lang='lat' dir='ltr'><strong>hominemque</strong></span> <span class='ocrx_word' id='word_1_66' title='bbox 803 1277 930 1337; x_wconf 88' lang='lat' dir='ltr'><strong>indicari</strong></span> <span class='ocrx_word' id='word_1_67' title='bbox 945 1279 975 1338; x_wconf 94' lang='lat' dir='ltr'><strong>in</strong></span> <span class='ocrx_word' id='word_1_68' title='bbox 990 1288 1117 1359; x_wconf 87' lang='lat' dir='ltr'><strong>utroque</strong></span> <span class='ocrx_word' id='word_1_69' title='bbox 1132 1283 1267 1359; x_wconf 89' lang='lat' dir='ltr'><strong>eundem,</strong></span> <span class='ocrx_word' id='word_1_70' title='bbox 1282 1305 1347 1347; x_wconf 90' lang='lat' dir='ltr'><strong>cum</strong></span> <span class='ocrx_word' id='word_1_71' title='bbox 1362 1289 1453 1348; x_wconf 88' lang='lat' dir='ltr'><strong>etiam</strong></span> 
     </span>
     <span class='ocr_line' id='line_1_8' title="bbox 123 1377 1454 1467; baseline 0.008 -27"><span class='ocrx_word' id='word_1_72' title='bbox 123 1381 285 1458; x_wconf 73' lang='lat' dir='ltr'><strong>dignitates</strong></span> <span class='ocrx_word' id='word_1_73' title='bbox 306 1397 432 1458; x_wconf 88' lang='lat' dir='ltr'><strong>prorsus</strong></span> <span class='ocrx_word' id='word_1_74' title='bbox 454 1379 641 1440; x_wconf 88' lang='lat' dir='ltr'><strong>conveniant.</strong></span> <span class='ocrx_word' id='word_1_75' title='bbox 682 1377 762 1439; x_wconf 91' lang='lat' dir='ltr'><strong>Nam</strong></span> <span class='ocrx_word' id='word_1_76' title='bbox 784 1378 863 1456; x_wconf 91' lang='lat' dir='ltr'><strong>quod</strong></span> <span class='ocrx_word' id='word_1_77' title='bbox 884 1379 916 1440; x_wconf 93' lang='lat' dir='ltr'><strong>in</strong></span> <span class='ocrx_word' id='word_1_78' title='bbox 938 1381 1024 1441; x_wconf 87' lang='lat' dir='ltr'><strong>titulo</strong></span> <span class='ocrx_word' id='word_1_79' title='bbox 1046 1385 1130 1460; x_wconf 84' lang='lat' dir='ltr'><strong>prius</strong></span> <span class='ocrx_word' id='word_1_80' title='bbox 1151 1385 1211 1444; x_wconf 90' lang='lat' dir='ltr'><strong>iam</strong></span> <span class='ocrx_word' id='word_1_81' title='bbox 1232 1397 1303 1447; x_wconf 89' lang='lat' dir='ltr'><strong>noto</strong></span> <span class='ocrx_word' id='word_1_82' title='bbox 1325 1389 1454 1467; x_wconf 85' lang='lat' dir='ltr'><strong>legionis</strong></span> 
     </span>
     <span class='ocr_line' id='line_1_9' title="bbox 124 1479 1453 1565; baseline 0.007 -23"><span class='ocrx_word' id='word_1_83' title='bbox 124 1502 269 1542; x_wconf 88' lang='lat' dir='ltr'><strong>numerus</strong></span> <span class='ocrx_word' id='word_1_84' title='bbox 289 1491 320 1541; x_wconf 94' lang='lat' dir='ltr'><strong>et</strong></span> <span class='ocrx_word' id='word_1_85' title='bbox 341 1499 505 1560; x_wconf 81' lang='lat' dir='ltr'><strong>cognomen</strong></span> <span class='ocrx_word' id='word_1_86' title='bbox 527 1481 641 1542; x_wconf 90' lang='lat' dir='ltr'><strong>omissa</strong></span> <span class='ocrx_word' id='word_1_87' title='bbox 661 1486 745 1554; x_wconf 85' lang='lat' dir='ltr'><strong>sunt,</strong></span> <span class='ocrx_word' id='word_1_88' title='bbox 770 1480 803 1538; x_wconf 91' lang='lat' dir='ltr'><strong>id</strong></span> <span class='ocrx_word' id='word_1_89' title='bbox 823 1479 933 1540; x_wconf 86' lang='lat' dir='ltr'><strong>factum</strong></span> <span class='ocrx_word' id='word_1_90' title='bbox 954 1493 1060 1544; x_wconf 86' lang='lat' dir='ltr'><strong>estex</strong></span> <span class='ocrx_word' id='word_1_91' title='bbox 1082 1487 1195 1547; x_wconf 86' lang='lat' dir='ltr'><strong>saeculi</strong></span> <span class='ocrx_word' id='word_1_92' title='bbox 1215 1489 1305 1565; x_wconf 88' lang='lat' dir='ltr'><strong>primi</strong></span> <span class='ocrx_word' id='word_1_93' title='bbox 1326 1509 1453 1550; x_wconf 90' lang='lat' dir='ltr'><strong>consue·</strong></span> 
     </span>
     <span class='ocr_line' id='line_1_10' title="bbox 125 1579 1454 1664; baseline 0.006 -20"><span class='ocrx_word' id='word_1_94' title='bbox 125 1585 230 1644; x_wconf 88' lang='lat' dir='ltr'><strong>tudine</strong></span> <span class='ocrx_word' id='word_1_95' title='bbox 252 1585 419 1644; x_wconf 88' lang='lat' dir='ltr'><strong>notissima.</strong></span> <span class='ocrx_word' id='word_1_96' title='bbox 459 1583 565 1658; x_wconf 87' lang='lat' dir='ltr'><strong>Itaque</strong></span> <span class='ocrx_word' id='word_1_97' title='bbox 579 1579 769 1660; x_wconf 78' lang='lat' dir='ltr'><strong>Caetobriga,</strong></span> <span class='ocrx_word' id='word_1_98' title='bbox 791 1583 873 1660; x_wconf 92' lang='lat' dir='ltr'><strong>quod</strong></span> <span class='ocrx_word' id='word_1_99' title='bbox 893 1591 958 1643; x_wconf 87' lang='lat' dir='ltr'><strong>erat</strong></span> <span class='ocrx_word' id='word_1_100' title='bbox 978 1585 1120 1664; x_wconf 90' lang='lat' dir='ltr'><strong>oppidum</strong></span> <span class='ocrx_word' id='word_1_101' title='bbox 1142 1595 1290 1649; x_wconf 87' lang='lat' dir='ltr'><strong>vetustum</strong></span> <span class='ocrx_word' id='word_1_102' title='bbox 1312 1591 1351 1649; x_wconf 92' lang='lat' dir='ltr'><strong>ad</strong></span> <span class='ocrx_word' id='word_1_103' title='bbox 1372 1611 1454 1653; x_wconf 85' lang='lat' dir='ltr'><strong>mare</strong></span> 
     </span>
     <span class='ocr_line' id='line_1_11' title="bbox 123 1684 1454 1768; baseline 0.006 -22"><span class='ocrx_word' id='word_1_104' title='bbox 123 1687 216 1746; x_wconf 86' lang='lat' dir='ltr'><strong>situm</strong></span> <span class='ocrx_word' id='word_1_105' title='bbox 237 1687 277 1746; x_wconf 88' lang='lat' dir='ltr'><strong>ab</strong></span> <span class='ocrx_word' id='word_1_106' title='bbox 296 1685 454 1764; x_wconf 88' lang='lat' dir='ltr'><strong>Olisipone</strong></span> <span class='ocrx_word' id='word_1_107' title='bbox 475 1684 629 1744; x_wconf 91' lang='lat' dir='ltr'><strong>meridiem</strong></span> <span class='ocrx_word' id='word_1_108' title='bbox 649 1699 766 1756; x_wconf 86' lang='lat' dir='ltr'><strong>versus,</strong></span> <span class='ocrx_word' id='word_1_109' title='bbox 788 1693 842 1743; x_wconf 88' lang='lat' dir='ltr'><strong>aut</strong></span> <span class='ocrx_word' id='word_1_110' title='bbox 862 1685 1008 1746; x_wconf 86' lang='lat' dir='ltr'><strong>oriundus</strong></span> <span class='ocrx_word' id='word_1_111' title='bbox 1030 1705 1100 1748; x_wconf 89' lang='lat' dir='ltr'><strong>esse</strong></span> <span class='ocrx_word' id='word_1_112' title='bbox 1120 1697 1172 1749; x_wconf 90' lang='lat' dir='ltr'><strong>aut</strong></span> <span class='ocrx_word' id='word_1_113' title='bbox 1192 1691 1317 1768; x_wconf 87' lang='lat' dir='ltr'><strong>praedia</strong></span> <span class='ocrx_word' id='word_1_114' title='bbox 1337 1693 1379 1752; x_wconf 92' lang='lat' dir='ltr'><strong>ibi</strong></span> <span class='ocrx_word' id='word_1_115' title='bbox 1401 1693 1454 1754; x_wconf 88' lang='lat' dir='ltr'><strong>ha·</strong></span> 
     </span>
     <span class='ocr_line' id='line_1_12' title="bbox 124 1785 1454 1866; baseline 0.005 -19"><span class='ocrx_word' id='word_1_116' title='bbox 124 1787 229 1848; x_wconf 82' lang='lat' dir='ltr'><strong>baisse</strong></span> <span class='ocrx_word' id='word_1_117' title='bbox 250 1787 402 1865; x_wconf 88' lang='lat' dir='ltr'><strong>putandus</strong></span> <span class='ocrx_word' id='word_1_118' title='bbox 424 1787 481 1846; x_wconf 88' lang='lat' dir='ltr'><strong>erit</strong></span> <span class='ocrx_word' id='word_1_119' title='bbox 496 1785 635 1846; x_wconf 90' lang='lat' dir='ltr'><strong>Bocchus</strong></span> <span class='ocrx_word' id='word_1_120' title='bbox 656 1804 756 1846; x_wconf 88' lang='lat' dir='ltr'><strong>rernm</strong></span> <span class='ocrx_word' id='word_1_121' title='bbox 778 1785 908 1863; x_wconf 79' lang='lat' dir='ltr'><strong>scriptor</strong></span> <span class='ocrx_word' id='word_1_122' title='bbox 927 1787 1027 1866; x_wconf 83' lang='lat' dir='ltr'><strong>ibique</strong></span> <span class='ocrx_word' id='word_1_123' title='bbox 1049 1791 1138 1849; x_wconf 89' lang='lat' dir='ltr'><strong>ctiam</strong></span> <span class='ocrx_word' id='word_1_124' title='bbox 1160 1793 1268 1852; x_wconf 87' lang='lat' dir='ltr'><strong>statuis</strong></span> <span class='ocrx_word' id='word_1_125' title='bbox 1289 1793 1454 1854; x_wconf 88' lang='lat' dir='ltr'><strong>honoratus</strong></span> 
     </span>
     <span class='ocr_line' id='line_1_13' title="bbox 123 1885 1454 1966; baseline 0.006 -18"><span class='ocrx_word' id='word_1_126' title='bbox 123 1905 194 1949; x_wconf 86' lang='lat' dir='ltr'><strong>esse</strong></span> <span class='ocrx_word' id='word_1_127' title='bbox 220 1907 240 1946; x_wconf 89' lang='lat' dir='ltr'><strong>a</strong></span> <span class='ocrx_word' id='word_1_128' title='bbox 260 1887 353 1948; x_wconf 86' lang='lat' dir='ltr'><strong>variis</strong></span> <span class='ocrx_word' id='word_1_129' title='bbox 379 1887 499 1966; x_wconf 89' lang='lat' dir='ltr'><strong>oppidis</strong></span> <span class='ocrx_word' id='word_1_130' title='bbox 520 1887 683 1948; x_wconf 89' lang='lat' dir='ltr'><strong>Lusitanis.</strong></span> <span class='ocrx_word' id='word_1_131' title='bbox 726 1885 816 1960; x_wconf 79' lang='lat' dir='ltr'><strong>Quod</strong></span> <span class='ocrx_word' id='word_1_132' title='bbox 840 1887 872 1946; x_wconf 91' lang='lat' dir='ltr'><strong>in</strong></span> <span class='ocrx_word' id='word_1_133' title='bbox 897 1888 1016 1966; x_wconf 81' lang='lat' dir='ltr'><strong>legione</strong></span> <span class='ocrx_word' id='word_1_134' title='bbox 1042 1893 1131 1950; x_wconf 88' lang='lat' dir='ltr'><strong>tertia</strong></span> <span class='ocrx_word' id='word_1_135' title='bbox 1150 1893 1297 1953; x_wconf 80' lang='lat' dir='ltr'><strong>Africana</strong></span> <span class='ocrx_word' id='word_1_136' title='bbox 1321 1895 1454 1956; x_wconf 84' lang='lat' dir='ltr'><strong>tribuna-</strong></span> 
     </span>
     <span class='ocr_line' id='line_1_14' title="bbox 123 1988 1454 2072; baseline 0.005 -23"><span class='ocrx_word' id='word_1_137' title='bbox 123 1999 188 2049; x_wconf 87' lang='lat' dir='ltr'><strong>tum</strong></span> <span class='ocrx_word' id='word_1_138' title='bbox 214 1989 343 2049; x_wconf 89' lang='lat' dir='ltr'><strong>obtinuit</strong></span> <span class='ocrx_word' id='word_1_139' title='bbox 366 2009 427 2049; x_wconf 92' lang='lat' dir='ltr'><strong>non</strong></span> <span class='ocrx_word' id='word_1_140' title='bbox 454 1991 555 2050; x_wconf 88' lang='lat' dir='ltr'><strong>obstat</strong></span> <span class='ocrx_word' id='word_1_141' title='bbox 575 1989 684 2067; x_wconf 86' lang='lat' dir='ltr'><strong>origini</strong></span> <span class='ocrx_word' id='word_1_142' title='bbox 705 1988 770 2048; x_wconf 89' lang='lat' dir='ltr'><strong>eius</strong></span> <span class='ocrx_word' id='word_1_143' title='bbox 790 1988 964 2050; x_wconf 81' lang='lat' dir='ltr'><strong>Lusitanus.</strong></span> <span class='ocrx_word' id='word_1_144' title='bbox 1008 1991 1121 2052; x_wconf 87' lang='lat' dir='ltr'><strong>Bocchi</strong></span> <span class='ocrx_word' id='word_1_145' title='bbox 1143 2012 1308 2072; x_wconf 86' lang='lat' dir='ltr'><strong>cognomen</strong></span> <span class='ocrx_word' id='word_1_146' title='bbox 1330 1997 1454 2056; x_wconf 89' lang='lat' dir='ltr'><strong>similia·</strong></span> 
     </span>
     <span class='ocr_line' id='line_1_15' title="bbox 123 2088 1454 2174; baseline 0.006 -24"><span class='ocrx_word' id='word_1_147' title='bbox 123 2109 183 2168; x_wconf 86' lang='lat' dir='ltr'><strong>qne</strong></span> <span class='ocrx_word' id='word_1_148' title='bbox 209 2091 334 2170; x_wconf 82' lang='lat' dir='ltr'><strong>originis</strong></span> <span class='ocrx_word' id='word_1_149' title='bbox 361 2091 492 2151; x_wconf 83' lang='lat' dir='ltr'><strong>fortasse</strong></span> <span class='ocrx_word' id='word_1_150' title='bbox 513 2088 674 2150; x_wconf 84' lang='lat' dir='ltr'><strong>Africanae</strong></span> <span class='ocrx_word' id='word_1_151' title='bbox 700 2090 790 2149; x_wconf 83' lang='lat' dir='ltr'><strong>etiam</strong></span> <span class='ocrx_word' id='word_1_152' title='bbox 816 2091 848 2150; x_wconf 89' lang='lat' dir='ltr'><strong>iu</strong></span> <span class='ocrx_word' id='word_1_153' title='bbox 868 2089 1028 2152; x_wconf 86' lang='lat' dir='ltr'><strong>Lusitania</strong></span> <span class='ocrx_word' id='word_1_154' title='bbox 1052 2113 1114 2153; x_wconf 93' lang='lat' dir='ltr'><strong>non</strong></span> <span class='ocrx_word' id='word_1_155' title='bbox 1139 2114 1209 2155; x_wconf 85' lang='lat' dir='ltr'><strong>rara</strong></span> <span class='ocrx_word' id='word_1_156' title='bbox 1229 2105 1313 2170; x_wconf 82' lang='lat' dir='ltr'><strong>sunt3</strong></span> <span class='ocrx_word' id='word_1_157' title='bbox 1339 2097 1454 2174; x_wconf 77' lang='lat' dir='ltr'><strong>Boccor</strong></span> 
     </span>
     <span class='ocr_line' id='line_1_16' title="bbox 123 2189 1196 2272; baseline 0.002 -19"><span class='ocrx_word' id='word_1_158' title='bbox 123 2193 156 2253; x_wconf 92' lang='lat' dir='ltr'><strong>in</strong></span> <span class='ocrx_word' id='word_1_159' title='bbox 178 2192 275 2252; x_wconf 89' lang='lat' dir='ltr'><strong>titulis</strong></span> <span class='ocrx_word' id='word_1_160' title='bbox 289 2191 451 2253; x_wconf 87' lang='lat' dir='ltr'><strong>Visaeensi</strong></span> <span class='ocrx_word' id='word_1_161' title='bbox 472 2191 528 2268; x_wconf 92' lang='lat' dir='ltr'><strong>(II,</strong></span> <span class='ocrx_word' id='word_1_162' title='bbox 543 2190 619 2267; x_wconf 80' lang='lat'>410)</span> <span class='ocrx_word' id='word_1_163' title='bbox 641 2200 671 2250; x_wconf 90' lang='lat' dir='ltr'><strong>et</strong></span> <span class='ocrx_word' id='word_1_164' title='bbox 692 2189 851 2252; x_wconf 86' lang='lat' dir='ltr'><strong>(lauriensi</strong></span> <span class='ocrx_word' id='word_1_165' title='bbox 872 2191 928 2269; x_wconf 92' lang='lat' dir='ltr'><strong>(II,</strong></span> <span class='ocrx_word' id='word_1_166' title='bbox 943 2193 1018 2272; x_wconf 82' lang='grc'>769)</span> <span class='ocrx_word' id='word_1_167' title='bbox 1040 2195 1196 2272; x_wconf 88' lang='lat' dir='ltr'><strong>reperitur.</strong></span> 
     </span>
    </p>
   </div>
   <div class='ocr_carea' id='block_1_3' title="bbox 123 2398 1451 2582">
    <p class='ocr_par' dir='ltr' id='par_1_3' title="bbox 123 2398 1451 2582">
     <span class='ocr_line' id='line_1_17' title="bbox 123 2398 1451 2483; baseline 0.005 -23"><span class='ocrx_word' id='word_1_168' title='bbox 123 2401 197 2462; x_wconf 72' lang='lat'><strong>292</strong></span> <span class='ocrx_word' id='word_1_169' title='bbox 224 2399 315 2462; x_wconf 76' lang='lat' dir='ltr'><strong>Ostiae</strong></span> <span class='ocrx_word' id='word_1_170' title='bbox 339 2419 434 2479; x_wconf 90' lang='lat' dir='ltr'><strong>prope</strong></span> <span class='ocrx_word' id='word_1_171' title='bbox 456 2398 624 2472; x_wconf 77' lang='lat' dir='ltr'><strong>Scrtcram3</strong></span> <span class='ocrx_word' id='word_1_172' title='bbox 647 2408 783 2460; x_wconf 86' lang='lat' dir='ltr'><strong>servatur</strong></span> <span class='ocrx_word' id='word_1_173' title='bbox 804 2399 962 2478; x_wconf 89' lang='lat' dir='ltr'><strong>Olisipone</strong></span> <span class='ocrx_word' id='word_1_174' title='bbox 986 2403 1018 2462; x_wconf 93' lang='lat' dir='ltr'><strong>in</strong></span> <span class='ocrx_word' id='word_1_175' title='bbox 1039 2420 1143 2462; x_wconf 90' lang='lat' dir='ltr'><strong>musco</strong></span> <span class='ocrx_word' id='word_1_176' title='bbox 1165 2405 1391 2483; x_wconf 87' lang='lat' dir='ltr'><strong>archaeologico</strong></span> <span class='ocrx_word' id='word_1_177' title='bbox 1415 2408 1451 2466; x_wconf 82' lang='lat' dir='ltr'><strong>do</strong></span> 
     </span>
     <span class='ocr_line' id='line_1_18' title="bbox 170 2500 1326 2582; baseline 0.003 -20"><span class='ocrx_word' id='word_1_178' title='bbox 170 2503 286 2562; x_wconf 78' lang='lat' dir='ltr'><strong>Corano.</strong></span> <span class='ocrx_word' id='word_1_179' title='bbox 328 2501 462 2562; x_wconf 85' lang='lat' dir='ltr'><strong>Litterae</strong></span> <span class='ocrx_word' id='word_1_180' title='bbox 484 2510 555 2561; x_wconf 91' lang='lat' dir='ltr'><strong>sunt</strong></span> <span class='ocrx_word' id='word_1_181' title='bbox 575 2500 704 2580; x_wconf 90' lang='lat' dir='ltr'><strong>optimae</strong></span> <span class='ocrx_word' id='word_1_182' title='bbox 726 2501 840 2561; x_wconf 88' lang='lat' dir='ltr'><strong>saeculi</strong></span> <span class='ocrx_word' id='word_1_183' title='bbox 859 2503 950 2582; x_wconf 88' lang='lat' dir='ltr'><strong>primi</strong></span> <span class='ocrx_word' id='word_1_184' title='bbox 971 2504 1020 2563; x_wconf 87' lang='lat' dir='ltr'><strong>vel</strong></span> <span class='ocrx_word' id='word_1_185' title='bbox 1042 2506 1165 2566; x_wconf 84' lang='lat' dir='ltr'><strong>secundi</strong></span> <span class='ocrx_word' id='word_1_186' title='bbox 1185 2507 1326 2568; x_wconf 91' lang='lat' dir='ltr'><strong>ineuntis.</strong></span> 
     </span>
    </p>
   </div>
   <div class='ocr_carea' id='block_1_4' title="bbox 122 2653 1457 4150">
    <p class='ocr_par' dir='ltr' id='par_1_4' title="bbox 122 2653 985 3031">
     <span class='ocr_line' id='line_1_19' title="bbox 596 2653 984 2698; baseline 0.008 -3"><span class='ocrx_word' id='word_1_187' title='bbox 596 2653 984 2698; x_wconf 78' lang='lat' dir='ltr'><strong>n·nantntvs·ra·r</strong></span> 
     </span>
     <span class='ocr_line' id='line_1_20' title="bbox 598 2753 985 2802; baseline 0.01 -6"><span class='ocrx_word' id='word_1_188' title='bbox 598 2753 675 2797; x_wconf 76' lang='lat' dir='ltr'><strong>oen·</strong></span> <span class='ocrx_word' id='word_1_189' title='bbox 692 2753 810 2799; x_wconf 82' lang='lat' dir='ltr'><strong>rvscvs</strong></span> <span class='ocrx_word' id='word_1_190' title='bbox 826 2769 833 2786; x_wconf 92' lang='lat'><strong>·</strong></span> <span class='ocrx_word' id='word_1_191' title='bbox 848 2756 891 2800; x_wconf 81' lang='grc' dir='ltr'><strong>ΑΝ</strong></span> <span class='ocrx_word' id='word_1_192' title='bbox 906 2769 914 2786; x_wconf 83' lang='grc'><em>·</em></span> <span class='ocrx_word' id='word_1_193' title='bbox 929 2757 985 2802; x_wconf 69' lang='grc' dir='ltr'><strong>κιν</strong></span> 
     </span>
     <span class='ocr_line' id='line_1_21' title="bbox 633 2855 949 2902; baseline 0.013 -6"><span class='ocrx_word' id='word_1_194' title='bbox 633 2855 816 2900; x_wconf 82' lang='lat' dir='ltr'><strong>t·r·n·t·c·</strong></span> <span class='ocrx_word' id='word_1_195' title='bbox 859 2857 949 2902; x_wconf 68' lang='lat' dir='ltr'><strong>rus-a</strong></span> 
     </span>
     <span class='ocr_line' id='line_1_22' title="bbox 122 2947 600 3031; baseline -0.015 -17"><span class='ocrx_word' id='word_1_196' title='bbox 122 2955 278 3031; x_wconf 87' lang='lat' dir='ltr'><strong>Ectypum</strong></span> <span class='ocrx_word' id='word_1_197' title='bbox 298 2950 382 3012; x_wconf 88' lang='lat' dir='ltr'><strong>misit</strong></span> <span class='ocrx_word' id='word_1_198' title='bbox 403 2947 600 3012; x_wconf 88' lang='lat' dir='ltr'><strong>Soromenho.</strong></span> 
     </span>
    </p>

    <p class='ocr_par' dir='ltr' id='par_1_5' title="bbox 123 3048 1455 3236">
     <span class='ocr_line' id='line_1_23' title="bbox 168 3048 1455 3138; baseline 0.005 -25"><span class='ocrx_word' id='word_1_199' title='bbox 168 3054 241 3114; x_wconf 82' lang='lat' dir='ltr'><strong>V.3</strong></span> <span class='ocrx_word' id='word_1_200' title='bbox 264 3053 332 3132; x_wconf 84' lang='lat' dir='ltr'><strong>lego</strong></span> <span class='ocrx_word' id='word_1_201' title='bbox 358 3050 462 3129; x_wconf 82' lang='lat' dir='ltr'><strong>i(dam)</strong></span> <span class='ocrx_word' id='word_1_202' title='bbox 490 3048 681 3127; x_wconf 64' lang='lat' dir='ltr'><strong>tutamento)</strong></span> <span class='ocrx_word' id='word_1_203' title='bbox 701 3049 935 3129; x_wconf 79' lang='lat' dir='ltr'><strong>m(onumenrum)</strong></span> <span class='ocrx_word' id='word_1_204' title='bbox 949 3051 1151 3132; x_wconf 74' lang='lat' dir='ltr'><strong>f(ooiuadam)</strong></span> <span class='ocrx_word' id='word_1_205' title='bbox 1173 3055 1324 3133; x_wconf 88' lang='lat' dir='ltr'><strong>c(urooit).</strong></span> <span class='ocrx_word' id='word_1_206' title='bbox 1367 3058 1455 3138; x_wconf 86' lang='lat' dir='ltr'><strong>H(ic)</strong></span> 
     </span>
     <span class='ocr_line' id='line_1_24' title="bbox 123 3155 318 3236; baseline -0.015 -20"><span class='ocrx_word' id='word_1_207' title='bbox 123 3156 228 3236; x_wconf 82' lang='lat' dir='ltr'><strong>a(itua)</strong></span> <span class='ocrx_word' id='word_1_208' title='bbox 251 3155 318 3232; x_wconf 85' lang='lat' dir='ltr'><strong>est).</strong></span> 
     </span>
    </p>

    <p class='ocr_par' dir='ltr' id='par_1_6' title="bbox 123 3251 1457 4150">
     <span class='ocr_line' id='line_1_25' title="bbox 170 3251 1454 3337; baseline 0.002 -20"><span class='ocrx_word' id='word_1_209' title='bbox 170 3257 297 3317; x_wconf 74' lang='lat' dir='ltr'><strong>Duabm</strong></span> <span class='ocrx_word' id='word_1_210' title='bbox 318 3275 358 3316; x_wconf 86' lang='lat' dir='ltr'><strong>ex</strong></span> <span class='ocrx_word' id='word_1_211' title='bbox 378 3255 480 3315; x_wconf 88' lang='lat' dir='ltr'><strong>causis</strong></span> <span class='ocrx_word' id='word_1_212' title='bbox 502 3251 649 3332; x_wconf 85' lang='lat' dir='ltr'><strong>adscripsi</strong></span> <span class='ocrx_word' id='word_1_213' title='bbox 669 3252 789 3312; x_wconf 87' lang='lat' dir='ltr'><strong>titulum</strong></span> <span class='ocrx_word' id='word_1_214' title='bbox 811 3271 865 3330; x_wconf 88' lang='lat' dir='ltr'><strong>per</strong></span> <span class='ocrx_word' id='word_1_215' title='bbox 886 3271 920 3313; x_wconf 88' lang='lat' dir='ltr'><strong>ae</strong></span> <span class='ocrx_word' id='word_1_216' title='bbox 941 3255 1086 3315; x_wconf 89' lang='lat' dir='ltr'><strong>memoria</strong></span> <span class='ocrx_word' id='word_1_217' title='bbox 1099 3256 1152 3315; x_wconf 86' lang='lat' dir='ltr'><strong>vix</strong></span> <span class='ocrx_word' id='word_1_218' title='bbox 1170 3257 1304 3334; x_wconf 90' lang='lat' dir='ltr'><strong>dignum,</strong></span> <span class='ocrx_word' id='word_1_219' title='bbox 1325 3260 1454 3337; x_wconf 87' lang='lat' dir='ltr'><strong>primunr</strong></span> 
     </span>
     <span class='ocr_line' id='line_1_26' title="bbox 123 3353 1454 3439; baseline 0 -19"><span class='ocrx_word' id='word_1_220' title='bbox 123 3369 250 3439; x_wconf 88' lang='lat' dir='ltr'><strong>propter</strong></span> <span class='ocrx_word' id='word_1_221' title='bbox 269 3357 431 3418; x_wconf 84' lang='lat' dir='ltr'><strong>formulam</strong></span> <span class='ocrx_word' id='word_1_222' title='bbox 452 3375 471 3415; x_wconf 90' lang='lat' dir='ltr'><strong>a</strong></span> <span class='ocrx_word' id='word_1_223' title='bbox 491 3357 644 3416; x_wconf 88' lang='lat' dir='ltr'><strong>consuetis</strong></span> <span class='ocrx_word' id='word_1_224' title='bbox 665 3353 768 3432; x_wconf 91' lang='lat' dir='ltr'><strong>paullo</strong></span> <span class='ocrx_word' id='word_1_225' title='bbox 789 3353 949 3429; x_wconf 65' lang='lat' dir='ltr'><strong>divarum,</strong></span> <span class='ocrx_word' id='word_1_226' title='bbox 971 3354 1079 3416; x_wconf 90' lang='lat' dir='ltr'><strong>deinde</strong></span> <span class='ocrx_word' id='word_1_227' title='bbox 1098 3367 1221 3434; x_wconf 89' lang='lat' dir='ltr'><strong>propter</strong></span> <span class='ocrx_word' id='word_1_228' title='bbox 1241 3377 1396 3420; x_wconf 88' lang='lat' dir='ltr'><strong>numerum</strong></span> <span class='ocrx_word' id='word_1_229' title='bbox 1417 3379 1454 3420; x_wconf 78' lang='grc' dir='ltr'><strong>ιιι</strong></span> 
     </span>
     <span class='ocr_line' id='line_1_27' title="bbox 123 3455 1455 3538; baseline -0.002 -15"><span class='ocrx_word' id='word_1_230' title='bbox 123 3463 171 3523; x_wconf 89' lang='lat' dir='ltr'><strong>ita</strong></span> <span class='ocrx_word' id='word_1_231' title='bbox 189 3461 343 3538; x_wconf 87' lang='lat' dir='ltr'><strong>scriptum,</strong></span> <span class='ocrx_word' id='word_1_232' title='bbox 364 3467 397 3519; x_wconf 90' lang='lat' dir='ltr'><strong>ut</strong></span> <span class='ocrx_word' id='word_1_233' title='bbox 418 3475 434 3516; x_wconf 83' lang='lat' dir='ltr'><strong>u</strong></span> <span class='ocrx_word' id='word_1_234' title='bbox 457 3459 555 3518; x_wconf 87' lang='lat' dir='ltr'><strong>minor</strong></span> <span class='ocrx_word' id='word_1_235' title='bbox 575 3457 617 3518; x_wconf 88' lang='lat' dir='ltr'><strong>sit</strong></span> <span class='ocrx_word' id='word_1_236' title='bbox 636 3474 726 3534; x_wconf 88' lang='lat' dir='ltr'><strong>quam</strong></span> <span class='ocrx_word' id='word_1_237' title='bbox 747 3455 975 3533; x_wconf 84' lang='lat' dir='ltr'><strong>xpraecedene.</strong></span> <span class='ocrx_word' id='word_1_238' title='bbox 1011 3455 1157 3518; x_wconf 79' lang='lat' dir='ltr'><strong>solebant</strong></span> <span class='ocrx_word' id='word_1_239' title='bbox 1170 3460 1249 3519; x_wconf 90' lang='lat' dir='ltr'><strong>enim</strong></span> <span class='ocrx_word' id='word_1_240' title='bbox 1263 3469 1353 3538; x_wconf 83' lang='lat' dir='ltr'><strong>atque</strong></span> <span class='ocrx_word' id='word_1_241' title='bbox 1367 3460 1455 3521; x_wconf 90' lang='lat' dir='ltr'><strong>hodie</strong></span> 
     </span>
     <span class='ocr_line' id='line_1_28' title="bbox 124 3557 1455 3637; baseline -0.004 -11"><span class='ocrx_word' id='word_1_242' title='bbox 124 3565 216 3626; x_wconf 80' lang='lat' dir='ltr'><strong>etiam</strong></span> <span class='ocrx_word' id='word_1_243' title='bbox 241 3561 341 3623; x_wconf 88' lang='lat' dir='ltr'><strong>solent</strong></span> <span class='ocrx_word' id='word_1_244' title='bbox 366 3561 447 3622; x_wconf 90' lang='lat' dir='ltr'><strong>docti</strong></span> <span class='ocrx_word' id='word_1_245' title='bbox 467 3559 599 3637; x_wconf 88' lang='lat' dir='ltr'><strong>Hispani</strong></span> <span class='ocrx_word' id='word_1_246' title='bbox 619 3565 710 3635; x_wconf 87' lang='lat' dir='ltr'><strong>atque</strong></span> <span class='ocrx_word' id='word_1_247' title='bbox 730 3557 867 3618; x_wconf 85' lang='lat' dir='ltr'><strong>Lusitani</strong></span> <span class='ocrx_word' id='word_1_248' title='bbox 889 3577 928 3617; x_wconf 87' lang='lat' dir='ltr'><strong>ex</strong></span> <span class='ocrx_word' id='word_1_249' title='bbox 948 3558 1003 3618; x_wconf 91' lang='lat' dir='ltr'><strong>tali</strong></span> <span class='ocrx_word' id='word_1_250' title='bbox 1024 3559 1173 3637; x_wconf 85' lang='lat' dir='ltr'><strong>scriptura</strong></span> <span class='ocrx_word' id='word_1_251' title='bbox 1193 3559 1328 3621; x_wconf 80' lang='lat' dir='ltr'><strong>derivare</strong></span> <span class='ocrx_word' id='word_1_252' title='bbox 1348 3579 1373 3623; x_wconf 81' lang='lat' dir='ltr'><strong>rr</strong></span> <span class='ocrx_word' id='word_1_253' title='bbox 1395 3562 1455 3622; x_wconf 85' lang='lat' dir='ltr'><strong>tor·</strong></span> 
     </span>
     <span class='ocr_line' id='line_1_29' title="bbox 124 3659 1455 3740; baseline -0.002 -13"><span class='ocrx_word' id='word_1_254' title='bbox 124 3685 206 3727; x_wconf 89' lang='lat' dir='ltr'><strong>mam</strong></span> <span class='ocrx_word' id='word_1_255' title='bbox 226 3667 258 3725; x_wconf 93' lang='lat' dir='ltr'><strong>in</strong></span> <span class='ocrx_word' id='word_1_256' title='bbox 279 3663 479 3724; x_wconf 87' lang='lat' dir='ltr'><strong>monumentis</strong></span> <span class='ocrx_word' id='word_1_257' title='bbox 492 3660 640 3738; x_wconf 86' lang='lat' dir='ltr'><strong>Hispanis</strong></span> <span class='ocrx_word' id='word_1_258' title='bbox 659 3659 729 3720; x_wconf 87' lang='lat' dir='ltr'><strong>inde</strong></span> <span class='ocrx_word' id='word_1_259' title='bbox 750 3678 770 3720; x_wconf 88' lang='lat' dir='ltr'><strong>a</strong></span> <span class='ocrx_word' id='word_1_260' title='bbox 790 3659 911 3720; x_wconf 85' lang='lat' dir='ltr'><strong>saeculo</strong></span> <span class='ocrx_word' id='word_1_261' title='bbox 932 3661 996 3721; x_wconf 84' lang='lat' dir='ltr'><strong>iere</strong></span> <span class='ocrx_word' id='word_1_262' title='bbox 1017 3671 1104 3721; x_wconf 90' lang='lat' dir='ltr'><strong>sexto</strong></span> <span class='ocrx_word' id='word_1_263' title='bbox 1125 3661 1256 3738; x_wconf 83' lang='lat' dir='ltr'><strong>positam</strong></span> <span class='ocrx_word' id='word_1_264' title='bbox 1277 3681 1333 3740; x_wconf 89' lang='lat' dir='ltr'><strong>pro</strong></span> <span class='ocrx_word' id='word_1_265' title='bbox 1347 3682 1367 3723; x_wconf 87' lang='lat' dir='ltr'>x</span> <span class='ocrx_word' id='word_1_266' title='bbox 1383 3665 1455 3724; x_wconf 87' lang='lat' dir='ltr'><strong>sim-</strong></span> 
     </span>
     <span class='ocr_line' id='line_1_30' title="bbox 124 3760 1454 3847; baseline -0.002 -20"><span class='ocrx_word' id='word_1_267' title='bbox 124 3767 214 3847; x_wconf 90' lang='lat' dir='ltr'><strong>plici,</strong></span> <span class='ocrx_word' id='word_1_268' title='bbox 240 3767 277 3826; x_wconf 86' lang='lat' dir='ltr'><strong>de</strong></span> <span class='ocrx_word' id='word_1_269' title='bbox 302 3784 365 3843; x_wconf 90' lang='lat' dir='ltr'><strong>qua</strong></span> <span class='ocrx_word' id='word_1_270' title='bbox 389 3764 453 3822; x_wconf 88' lang='lat' dir='ltr'><strong>dixi</strong></span> <span class='ocrx_word' id='word_1_271' title='bbox 478 3763 510 3822; x_wconf 94' lang='lat' dir='ltr'><strong>in</strong></span> <span class='ocrx_word' id='word_1_272' title='bbox 536 3763 654 3840; x_wconf 78' lang='lat' dir='ltr'><strong>sylloge</strong></span> <span class='ocrx_word' id='word_1_273' title='bbox 674 3761 827 3821; x_wconf 89' lang='lat' dir='ltr'><strong>titulorum</strong></span> <span class='ocrx_word' id='word_1_274' title='bbox 849 3760 1016 3840; x_wconf 88' lang='lat' dir='ltr'><strong>Hispaniae</strong></span> <span class='ocrx_word' id='word_1_275' title='bbox 1037 3762 1268 3824; x_wconf 87' lang='lat' dir='ltr'><strong>christianorum</strong></span> <span class='ocrx_word' id='word_1_276' title='bbox 1290 3764 1334 3842; x_wconf 89' lang='lat' dir='ltr'><strong>(p.</strong></span> <span class='ocrx_word' id='word_1_277' title='bbox 1350 3765 1454 3842; x_wconf 87' lang='lat' dir='ltr'>XIII).</span> 
     </span>
     <span class='ocr_line' id='line_1_31' title="bbox 125 3862 1457 3947; baseline -0.002 -18"><span class='ocrx_word' id='word_1_278' title='bbox 125 3871 265 3947; x_wconf 85' lang='lat' dir='ltr'><strong>Apparet</strong></span> <span class='ocrx_word' id='word_1_279' title='bbox 278 3885 350 3927; x_wconf 85' lang='lat' dir='ltr'><strong>vero</strong></span> <span class='ocrx_word' id='word_1_280' title='bbox 372 3872 516 3945; x_wconf 90' lang='lat' dir='ltr'><strong>qnantum</strong></span> <span class='ocrx_word' id='word_1_281' title='bbox 537 3863 628 3924; x_wconf 89' lang='lat' dir='ltr'><strong>distet</strong></span> <span class='ocrx_word' id='word_1_282' title='bbox 647 3881 669 3924; x_wconf 87' lang='lat' dir='ltr'>x</span> <span class='ocrx_word' id='word_1_283' title='bbox 681 3862 737 3924; x_wconf 89' lang='lat' dir='ltr'><strong>illa</strong></span> <span class='ocrx_word' id='word_1_284' title='bbox 757 3864 924 3925; x_wconf 88' lang='lat' dir='ltr'><strong>ornamenti</strong></span> <span class='ocrx_word' id='word_1_285' title='bbox 944 3881 1036 3924; x_wconf 87' lang='lat' dir='ltr'><strong>causa</strong></span> <span class='ocrx_word' id='word_1_286' title='bbox 1052 3864 1139 3942; x_wconf 87' lang='lat' dir='ltr'><strong>apice</strong></span> <span class='ocrx_word' id='word_1_287' title='bbox 1153 3864 1285 3943; x_wconf 90' lang='lat' dir='ltr'><strong>quodam</strong></span> <span class='ocrx_word' id='word_1_288' title='bbox 1299 3867 1347 3926; x_wconf 83' lang='lat' dir='ltr'><strong>uel</strong></span> <span class='ocrx_word' id='word_1_289' title='bbox 1361 3866 1457 3927; x_wconf 88' lang='lat' dir='ltr'><strong>canda</strong></span> 
     </span>
     <span class='ocr_line' id='line_1_32' title="bbox 124 3965 1457 4045; baseline -0.002 -14"><span class='ocrx_word' id='word_1_290' title='bbox 124 3973 275 4032; x_wconf 84' lang='lat' dir='ltr'><strong>instructa</strong></span> <span class='ocrx_word' id='word_1_291' title='bbox 295 3968 333 4028; x_wconf 88' lang='lat' dir='ltr'><strong>ab</strong></span> <span class='ocrx_word' id='word_1_292' title='bbox 354 3983 371 4028; x_wconf 86' lang='grc' dir='ltr'><strong>ι</strong></span> <span class='ocrx_word' id='word_1_293' title='bbox 392 3969 509 4028; x_wconf 86' lang='lat' dir='ltr'><strong>minore</strong></span> <span class='ocrx_word' id='word_1_294' title='bbox 529 3975 600 4044; x_wconf 86' lang='lat' dir='ltr'><strong>post</strong></span> <span class='ocrx_word' id='word_1_295' title='bbox 619 3983 640 4026; x_wconf 89' lang='lat' dir='ltr'>x</span> <span class='ocrx_word' id='word_1_296' title='bbox 660 3965 769 4044; x_wconf 90' lang='lat' dir='ltr'><strong>posita,</strong></span> <span class='ocrx_word' id='word_1_297' title='bbox 790 3965 845 4026; x_wconf 89' lang='lat' dir='ltr'><strong>sed</strong></span> <span class='ocrx_word' id='word_1_298' title='bbox 865 3965 909 4026; x_wconf 91' lang='lat' dir='ltr'><strong>ita</strong></span> <span class='ocrx_word' id='word_1_299' title='bbox 928 3965 1038 4043; x_wconf 87' lang='lat' dir='ltr'><strong>posita,</strong></span> <span class='ocrx_word' id='word_1_300' title='bbox 1060 3973 1094 4026; x_wconf 88' lang='lat' dir='ltr'><strong>ut</strong></span> <span class='ocrx_word' id='word_1_301' title='bbox 1114 3966 1197 4028; x_wconf 87' lang='lat' dir='ltr'><strong>nulla</strong></span> <span class='ocrx_word' id='word_1_302' title='bbox 1216 3967 1293 4028; x_wconf 89' lang='lat' dir='ltr'><strong>inter</strong></span> <span class='ocrx_word' id='word_1_303' title='bbox 1313 3987 1366 4028; x_wconf 89' lang='lat' dir='ltr'><strong>eas</strong></span> <span class='ocrx_word' id='word_1_304' title='bbox 1388 3987 1457 4045; x_wconf 90' lang='lat' dir='ltr'><strong>per-</strong></span> 
     </span>
     <span class='ocr_line' id='line_1_33' title="bbox 127 4058 477 4150; baseline -0.026 -14"><span class='ocrx_word' id='word_1_305' title='bbox 127 4072 275 4150; x_wconf 84' lang='lat' dir='ltr'><strong>spiciatur</strong></span> <span class='ocrx_word' id='word_1_306' title='bbox 295 4058 477 4132; x_wconf 89' lang='lat' dir='ltr'><strong>coniunctio.</strong></span> 
     </span>
    </p>
   </div>
   <div class='ocr_carea' id='block_1_5' title="bbox 124 4275 1473 4962">
    <p class='ocr_par' dir='ltr' id='par_1_7' title="bbox 124 4275 1473 4962">
     <span class='ocr_line' id='line_1_34' title="bbox 124 4275 1457 4357; baseline -0.005 -15"><span class='ocrx_word' id='word_1_307' title='bbox 124 4280 180 4342; x_wconf 79' lang='lat' dir='ltr'><strong>Ad</strong></span> <span class='ocrx_word' id='word_1_308' title='bbox 200 4297 231 4337; x_wconf 91' lang='lat' dir='ltr'><strong>n.</strong></span> <span class='ocrx_word' id='word_1_309' title='bbox 245 4277 338 4338; x_wconf 78' lang='lat'><strong>2559.</strong></span> <span class='ocrx_word' id='word_1_310' title='bbox 381 4275 477 4338; x_wconf 86' lang='lat' dir='ltr'><strong>Cuius</strong></span> <span class='ocrx_word' id='word_1_311' title='bbox 499 4275 603 4357; x_wconf 88' lang='lat' dir='ltr'><strong>oppidi</strong></span> <span class='ocrx_word' id='word_1_312' title='bbox 619 4275 758 4336; x_wconf 83' lang='lat' dir='ltr'><strong>Lusitani</strong></span> <span class='ocrx_word' id='word_1_313' title='bbox 779 4293 888 4336; x_wconf 90' lang='lat' dir='ltr'><strong>nomen</strong></span> <span class='ocrx_word' id='word_1_314' title='bbox 909 4293 998 4336; x_wconf 87' lang='lat' dir='ltr'><strong>versu</strong></span> <span class='ocrx_word' id='word_1_315' title='bbox 1022 4275 1099 4334; x_wconf 89' lang='lat' dir='ltr'><strong>tituli</strong></span> <span class='ocrx_word' id='word_1_316' title='bbox 1120 4275 1209 4335; x_wconf 89' lang='lat' dir='ltr'><strong>buius</strong></span> <span class='ocrx_word' id='word_1_317' title='bbox 1230 4276 1335 4353; x_wconf 88' lang='lat' dir='ltr'><strong>quinto</strong></span> <span class='ocrx_word' id='word_1_318' title='bbox 1356 4276 1457 4352; x_wconf 90' lang='lat' dir='ltr'><strong>legen·</strong></span> 
     </span>
     <span class='ocr_line' id='line_1_35' title="bbox 169 4375 1457 4454; baseline -0.005 -14"><span class='ocrx_word' id='word_1_319' title='bbox 169 4380 241 4440; x_wconf 90' lang='lat' dir='ltr'><strong>dum</strong></span> <span class='ocrx_word' id='word_1_320' title='bbox 269 4380 322 4453; x_wconf 90' lang='lat' dir='ltr'><strong>sit,</strong></span> <span class='ocrx_word' id='word_1_321' title='bbox 349 4399 417 4440; x_wconf 90' lang='lat' dir='ltr'><strong>cum</strong></span> <span class='ocrx_word' id='word_1_322' title='bbox 442 4378 511 4440; x_wconf 87' lang='lat' dir='ltr'><strong>inde</strong></span> <span class='ocrx_word' id='word_1_323' title='bbox 538 4377 700 4438; x_wconf 90' lang='lat' dir='ltr'><strong>asaeculo</strong></span> <span class='ocrx_word' id='word_1_324' title='bbox 714 4377 793 4436; x_wconf 89' lang='lat' dir='ltr'><strong>XVI</strong></span> <span class='ocrx_word' id='word_1_325' title='bbox 819 4375 872 4453; x_wconf 86' lang='lat' dir='ltr'><strong>(ci.</strong></span> <span class='ocrx_word' id='word_1_326' title='bbox 894 4376 1059 4437; x_wconf 86' lang='lat' dir='ltr'><strong>auctarium</strong></span> <span class='ocrx_word' id='word_1_327' title='bbox 1081 4376 1285 4436; x_wconf 89' lang='lat' dir='ltr'><strong>addendorum</strong></span> <span class='ocrx_word' id='word_1_328' title='bbox 1305 4395 1335 4454; x_wconf 91' lang='lat' dir='ltr'><strong>p.</strong></span> <span class='ocrx_word' id='word_1_329' title='bbox 1353 4375 1457 4454; x_wconf 88' lang='lat' dir='ltr'><strong>XLV)</strong></span> 
     </span>
     <span class='ocr_line' id='line_1_36' title="bbox 169 4477 1457 4558; baseline -0.006 -14"><span class='ocrx_word' id='word_1_330' title='bbox 169 4489 241 4544; x_wconf 84' lang='lat' dir='ltr'><strong>ante</strong></span> <span class='ocrx_word' id='word_1_331' title='bbox 262 4501 310 4542; x_wconf 87' lang='lat' dir='ltr'><strong>me</strong></span> <span class='ocrx_word' id='word_1_332' title='bbox 330 4481 452 4553; x_wconf 89' lang='lat' dir='ltr'><strong>nemini,</strong></span> <span class='ocrx_word' id='word_1_333' title='bbox 473 4487 506 4540; x_wconf 87' lang='lat' dir='ltr'><strong>nt</strong></span> <span class='ocrx_word' id='word_1_334' title='bbox 519 4481 673 4558; x_wconf 86' lang='lat' dir='ltr'><strong>putabam,</strong></span> <span class='ocrx_word' id='word_1_335' title='bbox 693 4479 870 4556; x_wconf 85' lang='lat' dir='ltr'><strong>contigisset</strong></span> <span class='ocrx_word' id='word_1_336' title='bbox 884 4485 965 4538; x_wconf 89' lang='lat' dir='ltr'><strong>certo</strong></span> <span class='ocrx_word' id='word_1_337' title='bbox 979 4478 1112 4552; x_wconf 85' lang='lat' dir='ltr'><strong>delinire,</strong></span> <span class='ocrx_word' id='word_1_338' title='bbox 1134 4477 1261 4538; x_wconf 86' lang='lat' dir='ltr'><strong>libenter</strong></span> <span class='ocrx_word' id='word_1_339' title='bbox 1275 4495 1322 4536; x_wconf 88' lang='lat' dir='ltr'><strong>me</strong></span> <span class='ocrx_word' id='word_1_340' title='bbox 1336 4495 1457 4556; x_wconf 89' lang='lat' dir='ltr'><strong>quoque</strong></span> 
     </span>
     <span class='ocr_line' id='line_1_37' title="bbox 170 4579 1473 4656; baseline -0.005 -12"><span class='ocrx_word' id='word_1_341' title='bbox 170 4582 363 4645; x_wconf 84' lang='lat' dir='ltr'><strong>concederem</strong></span> <span class='ocrx_word' id='word_1_342' title='bbox 389 4582 538 4644; x_wconf 83' lang='lat' dir='ltr'><strong>erravisse</strong></span> <span class='ocrx_word' id='word_1_343' title='bbox 563 4581 690 4642; x_wconf 88' lang='lat' dir='ltr'><strong>meliora</strong></span> <span class='ocrx_word' id='word_1_344' title='bbox 710 4581 844 4640; x_wconf 89' lang='lat' dir='ltr'><strong>edoctus.</strong></span> <span class='ocrx_word' id='word_1_345' title='bbox 885 4579 1080 4641; x_wconf 84' lang='lat' dir='ltr'><strong>Examinarit</strong></span> <span class='ocrx_word' id='word_1_346' title='bbox 1100 4580 1221 4640; x_wconf 90' lang='lat' dir='ltr'><strong>titulum</strong></span> <span class='ocrx_word' id='word_1_347' title='bbox 1241 4579 1309 4656; x_wconf 90' lang='lat' dir='ltr'><strong>rupi</strong></span> <span class='ocrx_word' id='word_1_348' title='bbox 1331 4579 1473 4644; x_wconf 86' lang='lat' dir='ltr'><strong>incisum¹</strong></span> 
     </span>
     <span class='ocr_line' id='line_1_38' title="bbox 170 4678 1458 4764; baseline -0.006 -18"><span class='ocrx_word' id='word_1_349' title='bbox 170 4703 266 4764; x_wconf 90' lang='lat' dir='ltr'><strong>prope</strong></span> <span class='ocrx_word' id='word_1_350' title='bbox 285 4683 391 4746; x_wconf 88' lang='lat' dir='ltr'><strong>turrim</strong></span> <span class='ocrx_word' id='word_1_351' title='bbox 411 4683 568 4756; x_wconf 88' lang='lat' dir='ltr'><strong>Herculis,</strong></span> <span class='ocrx_word' id='word_1_352' title='bbox 595 4701 671 4761; x_wconf 87' lang='lat' dir='ltr'><strong>quae</strong></span> <span class='ocrx_word' id='word_1_353' title='bbox 692 4689 827 4757; x_wconf 84' lang='lat' dir='ltr'><strong>uocatur,</strong></span> <span class='ocrx_word' id='word_1_354' title='bbox 852 4699 948 4760; x_wconf 90' lang='lat' dir='ltr'><strong>nuper</strong></span> <span class='ocrx_word' id='word_1_355' title='bbox 968 4681 1128 4741; x_wconf 84' lang='lat' dir='ltr'><strong>Eduardus</strong></span> <span class='ocrx_word' id='word_1_356' title='bbox 1151 4678 1305 4742; x_wconf 87' lang='lat' dir='ltr'><strong>Saavedra</strong></span> <span class='ocrx_word' id='word_1_357' title='bbox 1327 4680 1458 4756; x_wconf 88' lang='lat' dir='ltr'><strong>optimus</strong></span> 
     </span>
     <span class='ocr_line' id='line_1_39' title="bbox 170 4782 1459 4863; baseline -0.004 -16"><span class='ocrx_word' id='word_1_358' title='bbox 170 4787 286 4848; x_wconf 88' lang='lat' dir='ltr'><strong>amicus</strong></span> <span class='ocrx_word' id='word_1_359' title='bbox 306 4803 474 4862; x_wconf 89' lang='lat' dir='ltr'><strong>nomenque</strong></span> <span class='ocrx_word' id='word_1_360' title='bbox 496 4785 579 4863; x_wconf 88' lang='lat' dir='ltr'><strong>legit,</strong></span> <span class='ocrx_word' id='word_1_361' title='bbox 599 4791 633 4843; x_wconf 91' lang='lat' dir='ltr'><strong>ut</strong></span> <span class='ocrx_word' id='word_1_362' title='bbox 653 4784 767 4861; x_wconf 89' lang='lat' dir='ltr'><strong>legerat</strong></span> <span class='ocrx_word' id='word_1_363' title='bbox 787 4784 865 4842; x_wconf 86' lang='lat' dir='ltr'><strong>inter</strong></span> <span class='ocrx_word' id='word_1_364' title='bbox 884 4788 930 4843; x_wconf 90' lang='lat' dir='ltr'><strong>tot</strong></span> <span class='ocrx_word' id='word_1_365' title='bbox 949 4791 1042 4844; x_wconf 86' lang='lat' dir='ltr'><strong>testes</strong></span> <span class='ocrx_word' id='word_1_366' title='bbox 1063 4782 1199 4843; x_wconf 87' lang='lat' dir='ltr'><strong>oculatos</strong></span> <span class='ocrx_word' id='word_1_367' title='bbox 1221 4799 1299 4843; x_wconf 90' lang='lat' dir='ltr'><strong>unns</strong></span> <span class='ocrx_word' id='word_1_368' title='bbox 1320 4783 1379 4842; x_wconf 90' lang='lat' dir='ltr'><strong>hoc</strong></span> <span class='ocrx_word' id='word_1_369' title='bbox 1393 4799 1459 4842; x_wconf 86' lang='lat' dir='ltr'><strong>sae·</strong></span> 
     </span>
     <span class='ocr_line' id='line_1_40' title="bbox 171 4885 932 4962; baseline -0.008 -14"><span class='ocrx_word' id='word_1_370' title='bbox 171 4887 241 4948; x_wconf 94' lang='lat' dir='ltr'><strong>culo</strong></span> <span class='ocrx_word' id='word_1_371' title='bbox 262 4887 351 4948; x_wconf 87' lang='lat' dir='ltr'><strong>Rada</strong></span> <span class='ocrx_word' id='word_1_372' title='bbox 370 4886 556 4948; x_wconf 86' lang='lat' dir='ltr'><strong>Matritensis</strong></span> <span class='ocrx_word' id='word_1_373' title='bbox 579 4885 712 4945; x_wconf 90' lang='lat' dir='ltr'><strong>omnium</strong></span> <span class='ocrx_word' id='word_1_374' title='bbox 734 4885 932 4962; x_wconf 85' lang='lat' dir='ltr'><strong>nuperrimae,</strong></span> 
     </span>
    </p>
   </div>
   <div class='ocr_carea' id='block_1_6' title="bbox 696 5017 893 5063">
    <p class='ocr_par' dir='ltr' id='par_1_8' title="bbox 696 5017 893 5063">
     <span class='ocr_line' id='line_1_41' title="bbox 696 5017 893 5063; baseline 0 -1"><span class='ocrx_word' id='word_1_375' title='bbox 696 5017 893 5063; x_wconf 73' lang='lat' dir='ltr'><strong>afuvnttttnsts</strong></span> 
     </span>
    </p>
   </div>
   <div class='ocr_carea' id='block_1_7' title="bbox 124 5137 1460 5318">
    <p class='ocr_par' dir='ltr' id='par_1_9' title="bbox 124 5137 1460 5318">
     <span class='ocr_line' id='line_1_42' title="bbox 124 5137 1460 5206; baseline -0.009 -1"><span class='ocrx_word' id='word_1_376' title='bbox 124 5141 250 5206; x_wconf 86' lang='lat' dir='ltr'><strong>Nomen</strong></span> <span class='ocrx_word' id='word_1_377' title='bbox 276 5144 334 5204; x_wconf 90' lang='lat' dir='ltr'><strong>hoc</strong></span> <span class='ocrx_word' id='word_1_378' title='bbox 361 5142 483 5203; x_wconf 89' lang='lat' dir='ltr'><strong>aliunde</strong></span> <span class='ocrx_word' id='word_1_379' title='bbox 503 5151 608 5202; x_wconf 88' lang='lat' dir='ltr'><strong>notum</strong></span> <span class='ocrx_word' id='word_1_380' title='bbox 630 5159 689 5201; x_wconf 88' lang='lat' dir='ltr'><strong>non</strong></span> <span class='ocrx_word' id='word_1_381' title='bbox 710 5157 778 5200; x_wconf 88' lang='lat' dir='ltr'><strong>ease</strong></span> <span class='ocrx_word' id='word_1_382' title='bbox 799 5157 855 5200; x_wconf 90' lang='lat' dir='ltr'><strong>nec</strong></span> <span class='ocrx_word' id='word_1_383' title='bbox 875 5139 951 5200; x_wconf 88' lang='lat' dir='ltr'><strong>satis</strong></span> <span class='ocrx_word' id='word_1_384' title='bbox 972 5137 1173 5199; x_wconf 88' lang='lat' dir='ltr'><strong>commendari</strong></span> <span class='ocrx_word' id='word_1_385' title='bbox 1196 5138 1296 5197; x_wconf 81' lang='lat' dir='ltr'><strong>torma</strong></span> <span class='ocrx_word' id='word_1_386' title='bbox 1320 5154 1377 5197; x_wconf 85' lang='lat' dir='ltr'><strong>sua</strong></span> <span class='ocrx_word' id='word_1_387' title='bbox 1400 5152 1460 5194; x_wconf 92' lang='lat' dir='ltr'><strong>non</strong></span> 
     </span>
     <span class='ocr_line' id='line_1_43' title="bbox 127 5237 1460 5318; baseline -0.01 -11"><span class='ocrx_word' id='word_1_388' title='bbox 127 5247 207 5308; x_wconf 77' lang='lat' dir='ltr'><strong>ratis</strong></span> <span class='ocrx_word' id='word_1_389' title='bbox 234 5253 282 5306; x_wconf 86' lang='lat' dir='ltr'><strong>eet</strong></span> <span class='ocrx_word' id='word_1_390' title='bbox 308 5245 346 5304; x_wconf 84' lang='lat' dir='ltr'><strong>ad</strong></span> <span class='ocrx_word' id='word_1_391' title='bbox 371 5245 531 5305; x_wconf 90' lang='lat' dir='ltr'><strong>lectionem</strong></span> <span class='ocrx_word' id='word_1_392' title='bbox 556 5241 761 5304; x_wconf 73' lang='lat' dir='ltr'><strong>refellendam.</strong></span> <span class='ocrx_word' id='word_1_393' title='bbox 806 5238 867 5304; x_wconf 88' lang='lat' dir='ltr'><strong>Sed</strong></span> <span class='ocrx_word' id='word_1_394' title='bbox 894 5240 976 5300; x_wconf 88' lang='lat' dir='ltr'><strong>misit</strong></span> <span class='ocrx_word' id='word_1_395' title='bbox 1001 5237 1154 5303; x_wconf 84' lang='lat' dir='ltr'><strong>Saaredra</strong></span> <span class='ocrx_word' id='word_1_396' title='bbox 1174 5245 1282 5318; x_wconf 85' lang='lat' dir='ltr'><strong>ectypa</strong></span> <span class='ocrx_word' id='word_1_397' title='bbox 1301 5237 1460 5297; x_wconf 86' lang='lat' dir='ltr'><strong>chartacea</strong></span> 
     </span>
    </p>
   </div>
   <div class='ocr_carea' id='block_1_8' title="bbox 0 0 1801 5956">
    <p class='ocr_par' dir='ltr' id='par_1_10' title="bbox 0 0 1801 5956">
     <span class='ocr_line' id='line_1_44' title="bbox 0 0 1801 5956; baseline 0 0"><span class='ocrx_word' id='word_1_398' title='bbox 0 0 1801 5956; x_wconf 95' lang='lat' dir='ltr'><strong> </strong></span> 
     </span>
    </p>
   </div>
  </div>
 </body>
</html>
