3610 5956
168 599 265 651 12-15
592 600 1075 664 vonrsnmovrssnmnvm.
1453 587 1499 657 11

136 831 140 838 ,
166 769 316 847 Repperit
328 771 525 832 Detleiscnus
542 774 694 851 ediditque
709 775 788 852 apud
803 773 992 834 Gerhardum
1007 776 1135 835 arcldol.
1151 777 1273 854 Zeitunp
1290 777 1368 838 1863
1384 797 1413 856 p.
1428 779 1498 852 13¹3
1609 749 1614 756 .

167 869 246 930 vidit
265 873 355 931 etIam
375 875 580 934 Mommsenus
600 875 621 934 1.
638 895 664 935 c.
686 896 716 954 p.
732 874 800 936 79⁴.
836 877 884 934 Ab
905 877 958 934 illo
973 876 1092 936 Ritscbl
1113 879 1213 956 suppl.
1228 879 1261 936 II
1282 899 1311 956 p.
1330 880 1377 940 10.
1414 880 1501 941 Picta

168 971 257 1031 datur
282 972 433 1033 delineata
457 994 477 1033 a
497 976 673 1036 Detleiseno
696 985 756 1036 tam
779 978 859 1055 apud
879 978 1076 1038 Ritscbelium
1098 980 1118 1037 l.
1136 998 1161 1038 c.
1184 982 1244 1040 tab.
1265 1001 1294 1039 n.
1312 980 1338 1040 0
1356 1000 1446 1058 quam
1468 983 1501 1041 in

168 1074 359 1153 ephemeride
381 1074 591 1137 Gerberdiana
614 1077 692 1137 1863
714 1098 744 1156 p.
761 1079 799 1138 43
822 1080 882 1138 tab.
900 1080 958 1140 173
982 1101 1010 1138 n.
1028 1082 1056 1140 3.

209 1175 315 1234 Prima
335 1177 436 1237 littera
455 1179 585 1256 patellae
598 1178 756 1238 Parisinae
778 1182 822 1240 sio
843 1189 890 1240 est
911 1197 953 1253 1c3
975 1182 1126 1254 lineolam,
1148 1201 1210 1258 quc
1230 1185 1394 1260 iunguntur
1412 1195 1499 1244 rete

167 1275 200 1334 iu
220 1277 338 1352 pictura
350 1277 528 1352 Detlel'seni,
549 1281 580 1339 iu
601 1281 669 1357 ipsa
690 1282 803 1356 patella
823 1283 904 1341 cerni
926 1284 1046 1358 negavit
1061 1284 1266 1344 Mommsenus
1288 1287 1308 1343 l.
1325 1305 1349 1345 6.
1382 1285 1499 1346 Littera

169 1391 190 1435 x
211 1377 349 1439 similiter
368 1379 499 1440 formata
518 1381 596 1440 redit
615 1381 647 1441 in
669 1382 756 1441 titulo
771 1381 886 1442 Umbro
908 1385 1025 1442 tabulae
1040 1384 1264 1446 Ritschelianae
1279 1386 1415 1446 LXXIII
1429 1385 1468 1447 A.

168 1551 211 1612 1³
237 1553 269 1610 in
294 1561 400 1631 patera
424 1564 559 1615 cretacea
583 1555 669 1634 nIgra
694 1564 800 1615 ornata
823 1556 931 1617 litterIs
956 1557 1135 1634 pervetustis
1157 1559 1310 1636 signaculo
1332 1560 1500 1637 impressis.

211 1653 289 1732 Rep.
305 1653 412 1715 Vulcis
434 1657 511 1715 inter
532 1656 658 1718 61835
680 1666 711 1716 et
734 1658 823 1718 1831.
866 1657 962 1718 Extat
981 1659 1097 1719 Romae
1118 1660 1150 1718 in
1172 1678 1276 1719 museo
1298 1659 1500 1739 Gregoriano.

757 1775 913 1820 c·eormr

168 1873 308 1943 61666666
331 1873 550 1952 Gregorianum
571 1877 615 1949 ΙΙ,
631 1876 699 1950 102,
723 1876 751 1938 2.
775 1877 833 1951 26,
856 1878 1013 1939 Beundorf
1030 1879 1113 1939 Β611.
1137 1879 1204 1940 dell'
1224 1885 1291 1941 icat.
1313 1883 1394 1944 arci.
1419 1882 1498 1942 1866

169 1993 202 2052 p.
217 1973 288 2048 244,
309 1976 357 2036 661
378 1977 561 2055 descriptam
583 1977 664 2037 dedit
684 1979 723 2040 R.
747 1977 893 2040 Schoene.

168 2149 213 2210 14
233 2152 264 2210 iu
285 2152 398 2228 patella
419 2163 555 2212 cretaeae
575 2153 662 2231 nIgra
681 2154 758 2211 inter
778 2153 853 2212 folia
872 2155 979 2213 caelati
1000 2157 1101 2231 operis
1122 2156 1194 2213 item
1215 2156 1312 2216 forma
1331 2175 1497 2234 expressae

215 2259 284 2312 sunt
303 2253 421 2313 litterae
439 2254 499 2314 666
520 2260 721 2331 pervetustus.
765 2254 965 2315 Toscanellac
986 2256 1066 2333 apud
1088 2255 1252 2318 Valerium.

805 2378 868 2422 tart

170 2479 210 2541 Ο.
232 2480 390 2540 Benndorf
407 2481 490 2541 Bell.
513 2481 580 2542 dell’
602 2485 669 2542 tuat.
691 2482 772 2542 arch.
796 2481 876 2542 1866
898 2501 927 2559 p.
944 2482 1015 2555 244,
1038 2483 1090 2560 qui
1112 2483 1197 2542 vidit.

213 2581 446 2658 [Inscriptiones
473 2600 550 2659 quas
582 2602 674 2659 supra
700 2584 868 2643 rettulimus
895 2604 925 2642 6.
943 2584 1044 2642 7-14
1071 2585 1205 2643 eiusdem
1232 2584 1294 2643 iere
1320 2586 1445 2671 originis
1467 2596 1498 2648 et

169 2684 278 2743 aetatis
298 2701 367 2743 esse
388 2683 516 2744 dubitari
537 2703 597 2743 non
618 2692 728 2762 potest.
761 2684 914 2744 Differunt
927 2704 946 2743 a
959 2684 1116 2744 fabrilibus
1131 2686 1374 2764 inscriptionibus
1390 2689 1498 2750 aetatis

170 2785 348 2862 posterioris
376 2804 428 2858 eo,
456 2784 538 2861 quod
564 2805 625 2845 non
650 2787 790 2862 leguntur
811 2787 998 2846 extrinsecus
1020 2788 1051 2845 in
1072 2787 1164 2845 sundo
1185 2788 1316 2860 vasculi,
1346 2790 1400 2848 sed
1420 2791 1501 2850 intus

170 2887 248 2945 inter
272 2886 457 2964 anaglypha,
485 2905 610 2964 quorum
637 2896 752 2963 partem
776 2887 891 2946 faciunt
915 2887 1022 2946 iisdem
1049 2889 1155 2947 formis
1180 2888 1348 2966 litterisque
1373 2897 1404 2950 66
1423 2891 1500 2968 ipsis

171 2987 370 3046 eminentibus
392 3005 564 3065 expressae.
600 2988 736 3047 Patellac
757 2988 907 3066 profectae
928 3009 968 3049 ex
988 2989 1099 3065 figlinis
1136 3008 1203 3048 cum
1218 2991 1344 3048 aliorum
1359 2998 1422 3050 tum
1438 2990 1500 3052 Ga-

170 3088 320 3147 biniorum
343 3087 467 3148 06616616
495 3089 640 3168 originem
665 3108 732 3148 eam
757 3090 934 3167 plerumque
961 3090 1096 3149 indicant
1120 3090 1209 3150 modo
1231 3090 1334 3168 oppidi
1355 3093 1500 3153 vocabulo

171 3191 340 3262 enuntiato,
368 3190 448 3266 quod
473 3200 519 3249 est
541 3190 675 3264 0616666,
702 3190 791 3249 modo
820 3192 938 3250 ethnico
963 3191 1075 3264 061661,
1101 3191 1133 3249 16
1154 3192 1233 3249 enim
1254 3209 1419 3268 cognomen
1440 3213 1502 3253 non

171 3307 239 3349 esse
260 3289 468 3350 iam-constat
504 3291 739 3351 Inventae'sunt
760 3292 837 3350 61166
858 3291 934 3368 Ipsis
950 3290 1076 3351 Calibus
1098 3290 1276 3369 (69.126)
1298 3293 1348 3351 vel
1369 3301 1448 3352 certe
1469 3297 1501 3354 iu

172 3388 340 3467 Campania
360 3390 402 3466 (n.
418 3391 498 3468 126),
520 3393 597 3451 aliae
612 3392 724 3451 exteris
740 3392 854 3451 scilicet
869 3393 1006 3451 venditae
1023 3392 1054 3450 in
1068 3393 1191 3451 Etruria
1205 3393 1377 3469 Tarquiniis
1393 3394 1437 3469 (n.
1451 3395 1498 3454 76.

172 3491 225 3552 86.
246 3493 272 3550 6.
292 3491 332 3568 6.)
358 3490 464 3552 Vulcis
490 3493 533 3568 (n.
557 3493 609 3569 13)
638 3492 838 3552 Toscanellae
866 3491 910 3568 (n.
935 3493 987 3569 14)
1015 3492 1111 3553 Caere
1139 3492 1182 3568 (n.
1204 3493 1253 3552 76.
1280 3492 1346 3568 10),
1373 3495 1501 3557 lortesso

172 3593 262 3653 etiam
283 3593 315 3653 in
337 3589 441 3653 Sicilia
461 3593 585 3671 (6.11).
626 3593 746 3654 Nomen
768 3594 848 3671 quod
869 3595 1045 3671 inscriptum
1066 3594 1190 3666 habent,
1213 3601 1265 3652 aut
1284 3593 1369 3671 figuli
1391 3607 1451 3672 aut,
1474 3599 1502 3658 si

172 3695 268 3772 magis
297 3694 410 3772 placet,
438 3695 613 3768 caelatoris,
640 3696 672 3754 in
693 3697 831 3755 omnibus
856 3695 973 3754 videtur
1001 3695 1099 3754 efferri
1127 3697 1201 3754 ca'su
1228 3695 1340 3771 primo3
1368 3716 1437 3757 nam
1465 3699 1502 3758 66

172 3797 275 3868 tertio,
304 3814 393 3873 quem
414 3796 487 3855 olim
507 3807 592 3874 parte
614 3804 728 3856 tantum
752 3816 853 3857 eorum
875 3799 995 3873 cognita
1015 3795 1045 3855 in
1066 3796 1246 3872 quibusdam
1269 3797 1412 3876 scriptum
1434 3818 1503 3861 esse

171 3897 285 3973 putavi,
305 3895 366 3956 iam
387 3898 514 3974 cogitari
533 3916 595 3955 non
614 3906 724 3976 potest.
761 3896 842 3959 Sane
864 3899 945 3976 quod
965 3898 1080 3975 primus
1103 3915 1189 3957 casus
1212 3899 1256 3957 sie
1276 3899 1343 3957 6616
1363 3902 1451 3960 modo
1469 3901 1502 3960 in

173 4015 205 4057 66
226 3996 270 4074 (6.
288 3997 355 4075 76),
368 3998 466 4058 vmodo
489 3998 520 4058 in
540 4019 575 4058 66
596 3997 641 4074 (6.
657 3999 705 4058 86.
720 4000 746 4058 6.
763 4019 786 4059 6.
812 4000 875 4076 10),
896 3998 985 4057 modo
1007 4000 1040 4058 16
1060 4018 1077 4057 6
1100 3997 1142 4074 (6.
1159 4000 1207 4059 86.
1223 4018 1247 4059 6.
1263 4000 1291 4060 9.
1310 4000 1357 4058 11.
1375 3999 1442 4061 126.
1459 4003 1501 4078 6),

172 4098 262 4158 modo
283 4099 316 4158 in
336 4117 356 4157 6
378 4098 422 4176 (6.
439 4100 500 4176 76),
520 4109 555 4160 66
575 4101 650 4159 6666
670 4101 702 4159 16
724 4101 827 4160 eodem
849 4098 973 4160 vasculo
993 4119 1028 4159 66
1048 4107 1079 4158 66
1099 4117 1115 4158 6
1137 4101 1295 4160 coniuncta
1315 4102 1502 4176 reperiantur

172 4199 216 4276 (6.
232 4200 282 4261 86.
298 4200 337 4277 6),
358 4201 463 4260 mirum
486 4211 541 4261 est.
579 4201 639 4262 Sed
659 4202 789 4261 sortasse
810 4202 899 4261 etiam
921 4221 956 4261 eo
977 4211 1121 4278 temporo,
1142 4219 1203 4277 quo
1222 4199 1422 4261 nominativus
1437 4202 1501 4278 ple·

171 4319 297 4378 rumque
318 4303 349 4361 16
372 4321 403 4360 66
419 4302 467 4361 vel
488 4321 505 4360 o
526 4303 716 4374 efferebatur,
737 4322 771 4362 66
787 4311 817 4362 66
830 4321 850 4360 6
864 4303 954 4362 simul
967 4305 999 4361 in
1013 4321 1072 4362 usu
1085 4303 1213 4372 fuerunt,
1235 4309 1270 4358 ut
1288 4301 1315 4373 I,
1331 4301 1370 4360 62
1392 4303 1502 4379 legitur

171 4403 203 4464 Iu
224 4402 329 4462 cadem
350 4403 463 4462 lamina
477 4403 644 4463 Placentioa
666 4413 695 4464 et
708 4403 886 4475 Placentiae,
907 4405 979 4462 item
1000 4423 1029 4461 n.
1048 4402 1085 4460 19
1108 4401 1227 4460 silanus
1250 4409 1281 4460 et
1301 4402 1407 4476 666166,
1427 4403 1501 4464 Ilios

172 4511 244 4578 cet,
266 4522 296 4562 n.
312 4503 351 4562 24
373 4503 523 4564 Potniscos
544 4513 575 4564 66
594 4505 721 4582 Pilipae.
766 4504 813 4564 01.
836 4503 968 4564 Oorssen
989 4503 1169 4564 Vocaliamus
1195 4501 1229 4574 2,
1250 4501 1299 4562 02.
1336 4503 1396 4563 ΤΗ.
1410 4504 1465 4581 Μ.]

171 4677 211 4738 16
233 4678 266 4738 16
287 4678 444 4738 manubrio
465 4698 505 4737 ex
526 4685 608 4738 creta
629 4679 699 4738 alba
720 4680 840 4738 serrato
861 4679 892 4736 in
914 4695 1020 4737 museo
1041 4675 1249 4736 Kircheriano.

767 4801 810 4856 Π·
825 4798 909 4855 <alst

172 4916 348 4994 Descripsit
367 4917 454 4975 nobis
476 4917 709 4996 Zangemeister.
744 4916 801 4975 Ed.
826 4915 971 4977 Gan-uoci
990 4915 1100 4991 proffiti
1121 4915 1152 4972 di
1172 4913 1290 4991 Pompei
1310 4931 1339 4990 p.
1356 4913 1394 4973 26
1417 4913 1501 4990 (1666

174 5017 294 5078 Ritschl
313 5020 372 5077 tab.
388 5019 435 5077 XI
449 5018 497 5094 K)
518 5037 616 5095 neque
637 5017 836 5095 descriptione
852 5017 968 5076 vasculi
989 5016 1091 5075 addita
1111 5034 1208 5094 nequo
1229 5016 1296 5075 loco
1319 5015 1370 5073 ubi
1386 5021 1503 5074 extaret

174 5119 322 5191 indicato;
348 5120 427 5178 6666
449 5119 649 5179 Β6666666166
671 5120 779 5179 adiecit
800 5118 932 5179 0616616.
974 5117 1040 5178 Iam
1061 5127 1189 5195 utroque
1210 5117 1363 5194 patefacto
1384 5131 1497 5194 appare

176 5221 214 5280 ad
234 5240 271 5282 66
293 5239 354 5281 666
376 5221 537 5298 pertinere3
561 5221 673 5299 placuit
694 5231 791 5282 tamen
811 5239 923 5299 ponere
945 5227 975 5280 66
995 5220 1104 5296 ipsum.
1172 5283 1180 5298 ,
