3610 5956
617 592 725 646 susm
742 592 835 644 nuru
851 593 1005 645 muman.
1211 663 1214 668 ³
1425 575 1471 646 37

248 785 311 824 rem
338 764 516 824 tralaticium
542 781 618 840 opus
646 764 704 823 tuit
724 765 838 842 lapide,
865 764 932 840 qui,
957 772 991 823 ut
1012 765 1164 844 aitpoeta
1185 775 1301 842 noster,
1327 771 1473 846 eloquens

248 867 334 926 testis
360 876 525 946 emergeret
551 885 590 924 ex
617 865 730 943 gremio
755 873 861 924 terrae.
906 864 985 928 Sane
1007 865 1149 926 Iuturnae
1171 885 1278 927 nomeu
1299 869 1360 929 iam
1374 870 1473 930 Varro

249 967 451 1044 (1.1..5,71)
473 968 589 1026 derivat
609 967 647 1026 ab
669 985 705 1026 eo
726 968 808 1042 quod
829 967 920 1040 iuvet,
941 987 996 1027 nec
1016 969 1074 1028 hoc
1095 968 1162 1027 dieo
1176 967 1312 1048 Vergilio
1326 970 1472 1048 posterio-

245 1069 389 1145 ribusque
410 1077 558 1128 vetustam
584 1068 711 1127 formam
737 1067 918 1128 reddendam
944 1087 1026 1140 esse,
1054 1091 1114 1130 non
1140 1070 1235 1146 magis
1258 1089 1347 1146 quam
1367 1072 1471 1131 Iovem

247 1168 290 1228 ibi
316 1169 380 1228 fieri
403 1170 511 1229 debere
532 1168 661 1228 Diovem
689 1168 740 1245 (ol.
764 1167 896 1228 Corssen
922 1170 1019 1229 vocal.
1043 1169 1251 1247 l‚211seq.);
1281 1179 1312 1230 at
1333 1169 1473 1231 Ciceroni

247 1269 303 1330 illa
325 1269 510 1330 restituenda
530 1277 577 1330 est
598 1287 722 1345 eamque
744 1270 775 1328 in
796 1269 1033 1329 dedicationibus
1056 1272 1104 1330 vel
1125 1271 1288 1331 Tiberiana
1309 1268 1407 1332 detate
1428 1293 1474 1332 re·

248 1379 360 1430 tentam
380 1389 450 1431 esse
471 1371 576 1430 titulus
593 1371 760 1430 Vaticanus
782 1371 922 1429 ostendit.
940 1405 975 1416 -
1001 1371 1067 1448 Ops
1090 1371 1215 1449 Opilera
1235 1372 1304 1450 ipsa
1324 1393 1403 1433 nuuc
1424 1375 1473 1433 de·

247 1491 329 1531 mum
357 1473 472 1531 accedit
493 1473 531 1530 ad
553 1473 676 1530 numina
696 1469 807 1530 Latina
827 1491 876 1544 ea,
903 1489 1032 1547 quorum
1054 1474 1092 1531 ed
1118 1490 1172 1531 nos
1199 1475 1343 1533 memoria
1368 1493 1474 1550 perve-

246 1573 339 1644 nerit3
364 1590 547 1650 quamquam
568 1581 599 1632 et
619 1571 707 1631 facile
728 1572 898 1648 explicatur
920 1574 1050 1631 maxime
1072 1573 1229 1633 coniuncta
1251 1575 1422 1636 numinibus
1444 1576 1475 1642 in

247 1673 393 1734 incendiis
421 1675 557 1734 arcendis
583 1672 730 1732 invocatis
759 1681 789 1732 et
816 1673 978 1749 requiritur
1005 1673 1226 1751 quodammodo
1253 1685 1376 1752 propter
1404 1677 1475 1736 alte·

247 1791 314 1832 ram
343 1775 453 1852 Opem,
483 1793 562 1851 quae
587 1793 640 1834 cur
668 1771 812 1833 (lonsivia
840 1775 1021 1852 appelletur,
1051 1794 1130 1835 nuuc
1158 1776 1276 1835 demum
1306 1778 1380 1837 eatis
1408 1795 1476 1852 per·

247 1874 381 1950 spiritur.
402 1907 441 1920 -
469 1873 588 1950 Quirini
614 1875 743 1950 denique
768 1875 859 1934 aedes
886 1876 919 1934 iu
940 1876 1017 1935 colle
1037 1892 1217 1952 quamquam
1239 1877 1399 1936 notissima
1417 1885 1475 1950 est,

246 1993 301 2034 cur
327 1977 384 2036 boo
409 1976 459 2036 die
484 1995 547 2035 una
573 1995 642 2035 cum
664 1974 802 2035 Vulcano
828 1976 1040 2054 Nymphisque
1068 1986 1097 2036 et
1123 1976 1191 2054 Ope
1216 1977 1333 2055 opifera
1358 1996 1475 2038 sacrum

247 2077 275 2135 ei
301 2078 493 2154 potissimum
518 2077 589 2149 fiat,
618 2094 677 2136 non
705 2085 837 2149 couetet3
864 2095 934 2136 uam
960 2078 990 2136 in
1017 2077 1164 2137 incendiis
1190 2077 1327 2137 arcendis
1350 2078 1377 2138 si
1397 2096 1476 2155 quse

247 2177 314 2238 eius
333 2179 463 2238 numinis
484 2186 586 2262 partes
605 2179 738 2249 fuerunt,
759 2177 849 2237 hodie
870 2176 1055 2254 ignorantur.

134 2295 194 2337 vru
218 2295 238 2336 ιι
252 2307 260 2322 ·
276 2294 367 2338 sser-
390 2279 483 2358 (Aug.
501 2279 567 2356 tt).

193 2375 494 2479 [Opic(onsivu)].
546 2376 676 2452 Feriae
702 2376 776 2478 Opi
802 2374 1024 2477 [Gensiviae]
1052 2377 1090 2452 in
1116 2377 1241 2478 Regia.

248 2499 325 2577 Opis
340 2498 501 2560 Cousiviae
522 2500 685 2560 sacrarium
706 2500 796 2560 luisse
818 2499 848 2557 iu
862 2499 960 2578 Regia
979 2499 1081 2575 ibique
1100 2500 1129 2558 ei
1143 2499 1306 2576 quotannis
1320 2518 1340 2558 a
1354 2499 1475 2578 virgini·

247 2601 303 2661 bue
315 2599 492 2660 Vestalibus
513 2609 544 2660 et
565 2601 721 2660 sacerdote
742 2600 863 2678 publico
880 2619 1000 2660 ssorum
1013 2600 1207 2660 factumesse
1221 2599 1334 2677 populo
1348 2600 1475 2660 excluso

247 2711 351 2762 auctor
372 2711 419 2762 est
433 2702 531 2761 Varro
553 2702 589 2777 (l.
604 2700 642 2760 L.
665 2701 694 2774 e,
711 2701 773 2779 21).
809 2701 844 2760 Id
866 2710 913 2759 est
934 2719 1054 2760 sacrum
1074 2701 1105 2759 in
1125 2701 1213 2760 fastis
1227 2701 1386 2761 Arvalium
1407 2720 1475 2777 per·

245 2804 399 2882 scriptum.
435 2802 523 2863 Fasti
538 2801 698 2862 Vallenses
719 2803 809 2860 huius
830 2801 890 2861 diei
910 2801 1003 2862 ferias
1016 2801 1161 2861 celebrari
1177 2801 1261 2862 aiunt
1275 2802 1307 2861 iu
1320 2799 1474 2878 Capitolio

246 2905 441 2982 respicientes
463 2905 569 2963 aedem
582 2903 672 2980 Opis,
692 2920 770 2979 quae
790 2902 833 2961 ibi
854 2901 921 2974 luit,
942 2901 1044 2980 ibique
1065 2903 1209 2980 populum
1223 2904 1251 2961 ei
1266 2902 1340 2960 deae
1355 2919 1473 2962 sacrum

245 3005 357 3066 iecisse
378 3012 610 3066 consentaneum
631 3013 690 3076 est,
716 3021 784 3062 eum
805 3001 843 3061 ed
864 2989 991 3079 R'egiam
1012 3021 1072 3062 uon
1093 3003 1309 3062 admitteretur.
1353 3001 1474 3080 Opalia,

245 3124 323 3184 quae
349 3117 421 3166 suut
446 3107 560 3165 alterae
588 3105 720 3165 eiusdem
745 3103 819 3163 dese
844 3103 938 3162 feriae
964 3103 1024 3162 diei
1048 3102 1124 3163 Deo.
1147 3105 1201 3174 19,
1233 3121 1301 3162 cum
1326 3103 1359 3162 iu
1384 3103 1473 3164 fastis

246 3208 442 3269 Amiterninis
471 3207 608 3266 dieantur
633 3203 778 3265 celebrari
806 3203 845 3262 ad
873 3204 990 3276 forum,
1017 3203 1147 3263 fortasee
1173 3221 1210 3262 ea
1235 3203 1415 3263 indicatione
1442 3213 1474 3263 et

246 3309 344 3387 Regia
364 3319 395 3368 et
415 3308 506 3367 aedes
527 3307 604 3386 Opis
626 3304 924 3382 comprehenduntur.

137 3429 173 3472 vr
197 3425 346 3470 veser·
371 3410 463 3486 (Aug.
482 3407 546 3484 tt).
656 3397 664 3408 “

193 3509 323 3585 Feriae
340 3507 536 3583 Volturno.

138 3651 159 3692 κ
176 3662 185 3676 ·
201 3647 294 3690 sset·-
317 3629 414 3708 (Sept.
432 3630 474 3706 l).

193 3730 273 3807 Iovi
297 3729 445 3804 tonanti
470 3728 508 3802 in
536 3725 730 3828 Capitolio.

138 3855 250 3914 soseri
270 3869 321 3910 ure

192 3951 285 4042 Iovi,
310 3947 631 4048 IunonilReginue
656 3947 697 4021 in
722 3945 916 4021 Aventino.

245 4073 422 4132 Versiculus
442 4071 473 4132 in
494 4072 585 4130 litura
604 4071 763 4130 restitutus
785 4077 832 4127 est
851 4068 891 4128 ob
905 4083 1028 4127 causum
1042 4067 1194 4127 incertam.
1208 4097 1250 4111 -
1271 4065 1373 4127 Aedes
1387 4068 1471 4128 Iovis

245 4173 410 4234 Libertatis
437 4172 591 4248 alteraque
613 4171 739 4231 Iunonie
760 4167 895 4246 Reginae
919 4169 950 4227 iu
971 4169 1122 4228 Aventino
1143 4175 1268 4244 utraque
1289 4177 1380 4228 uotae
1400 4177 1473 4228 sunt

247 4274 300 4351 (ei.
327 4273 445 4334 Becker
470 4281 530 4351 top.
559 4293 588 4350 p.
609 4272 679 4331 tut.
702 4271 779 4342 4573
806 4288 913 4328 comm.
938 4287 1025 4328 meuc
1051 4269 1090 4327 ad
1115 4287 1195 4328 mon.
1217 4268 1332 4344 Ancyr.
1359 4287 1388 4346 p.
1405 4267 1470 4345 58),

246 4393 367 4435 sacrum
385 4375 487 4452 ipsum
509 4392 588 4433 nuno
608 4373 736 4450 primum
757 4371 926 4431 innotescit.

136 4495 172 4539 tv
196 4491 268 4537 uon
283 4507 290 4522 ·
307 4491 401 4536 sser-
423 4474 522 4551 (Sept.
537 4473 581 4552 2).

190 4575 322 4652 Feriee
340 4599 387 4650 ex
404 4574 588 4673 s(enetus)
606 4572 810 4670 ulonsulto)
829 4571 917 4672 imp.
933 4567 1100 4645 Caesaris
1114 4567 1300 4666 h(onoris)
1314 4568 1470 4666 meuse),

192 4697 295 4797 quod
321 4721 365 4770 eo
392 4695 452 4768 die
477 4693 566 4769 vicit
591 4693 750 4768 Actium.
1403 4791 1405 4794 Ι

245 4817 405 4877 vocabula
426 4828 544 4876 sx·s·c
565 4823 673 4892 postea
692 4811 809 4872 adiecta
829 4818 898 4872 sunt
918 4812 1033 4872 omissa
1053 4809 1237 4888 quadratarii
1259 4812 1366 4886 culpa3
1388 4825 1470 4868 urvo

245 4919 328 4997 qaod
348 4918 420 4978 item
442 4917 545 4976 omisit
565 4925 635 4974 ante
656 4929 776 4974 ncrtvnt
797 4911 973 4972 emendator
993 4912 1104 4972 addere
1126 4912 1237 4972 oblitus
1259 4919 1316 4971 est.

136 5040 169 5083 ιιι
193 5036 265 5081 uon
280 5049 288 5064 ·
304 5035 393 5078 serr·
416 5017 515 5094 (Sept.
530 5017 574 5093 3).

191 5117 323 5194 Feriae
354 5129 393 5194 et
423 5115 710 5218 supplicationes
740 5115 788 5190 ad
820 5111 945 5190 omnis
973 5111 1197 5214 pulvinaris,
1229 5109 1362 5212 q(uod)
1393 5107 1472 5206 e(o)

193 5239 287 5338 d(ie)
313 5237 451 5316 Caesar
474 5235 700 5338 Augusqus)
726 5234 764 5310 in
791 5231 915 5311 Sicilia
939 5231 1040 5310 vicit.
