3582 5956
499 594 798 651 ossnnvamouns
816 595 937 647 umen.
957 597 1008 648 ux.
1027 597 1064 648 x.
1374 579 1444 652 221

119 697 270 708 -υ--ι-

118 769 198 828 ravit
216 768 366 828 elementa
385 787 444 828 non
467 768 667 844 perdidicerit
702 767 781 829 Nam
803 768 841 828 ad
860 788 883 845 p
904 787 999 845 nsque
1021 769 1206 846 exemplaria
1219 790 1280 830 non
1294 770 1448 842 differunt3

117 869 225 930 deinde
246 887 322 946 quae
344 870 504 947 requiritur
525 869 654 929 litteras
676 869 763 930 adest
776 870 808 929 in
823 869 954 930 secundo
969 869 1123 948 adicitque
1137 872 1265 932 sortasse
1280 874 1310 931 iu
1325 879 1447 950 quart03
1485 915 1489 923 ·

116 983 147 1031 at
169 972 200 1030 in
222 972 321 1048 primo
342 971 459 1031 intrusa
479 981 527 1031 est
547 972 613 1032 eius
635 972 702 1031 loco
724 971 863 1048 litteram
886 972 924 1030 ab
939 973 996 1031 hoc
1011 980 1090 1032 certe
1105 973 1170 1032 loco
1185 975 1293 1034 aliena.
1331 975 1448 1034 Deinde

115 1085 161 1131 rt
186 1073 303 1132 litterae
328 1073 361 1132 in
387 1073 555 1150 alphabetis
582 1081 633 1133 aut
659 1082 729 1133 sunt
753 1082 805 1132 aut
826 1073 964 1132 videntur
988 1073 1092 1134 fuisse.
1141 1075 1280 1153 Denique
1306 1086 1449 1153 quattuor

116 1181 268 1233 extremae
296 1175 416 1234 litterae
441 1175 473 1234 in
500 1175 567 1236 solo
597 1175 730 1235 secundo
757 1174 917 1254 alphabeto
945 1183 1135 1252 comparent,
1165 1178 1218 1236 sed
1245 1187 1277 1237 ut
1304 1199 1322 1236 a
1348 1179 1449 1238 littera

116 1278 247 1336 litteram
269 1287 293 1352 φ
314 1294 380 1335 non
396 1277 564 1354 praecedat,
587 1278 640 1336 sed
654 1287 807 1355 sequatur.
844 1275 919 1335 Tria
938 1277 1056 1354 reliqua
1076 1279 1182 1338 litteris
1204 1300 1224 1338 a
1237 1269 1301 1355 ds
1316 1280 1448 1340 caruisse

116 1377 255 1436 videntur
276 1377 378 1454 itaque
398 1377 534 1437 finivisse
554 1378 586 1437 in
607 1390 642 1454 φ,
664 1379 724 1438 nisi
745 1378 826 1455 quod
848 1379 986 1455 primum,
1008 1397 1074 1438 cum
1097 1381 1127 1438 id
1150 1380 1247 1458 ipsum
1267 1381 1447 1442 elementum

116 1479 304 1557 praeceperit
324 1480 391 1538 loco
412 1479 529 1540 litterae
552 1498 576 1551 a,
599 1480 709 1540 desinit
729 1481 761 1539 in
783 1485 818 1538 Τ.

200 1581 265 1640 Iam
287 1599 353 1640 cum
368 1581 542 1654 viderimus,
563 1590 704 1658 quattuor
725 1583 780 1642 illa
799 1582 958 1659 alphabeta
972 1583 1122 1660 quomodo
1136 1585 1274 1644 ordinata
1289 1586 1359 1656 sint,
1381 1587 1448 1663 ipsa

115 1683 304 1753 confirmant,
325 1701 402 1760 quae
417 1683 466 1742 vel
487 1703 528 1743 ex
549 1684 614 1742 loco
637 1703 696 1762 quo
717 1693 835 1761 reperta
850 1693 919 1745 sunt
933 1685 1093 1762 colligitur,
1116 1687 1263 1764 originem
1278 1686 1447 1746 Etruscam.

116 1784 235 1844 Desunt
256 1783 335 1843 enim
357 1784 504 1846 elementa
525 1786 677 1862 bdcqa
697 1787 735 1844 ab
757 1785 894 1846 Etruscis
916 1796 1032 1846 mature
1054 1787 1191 1863 expulsa,
1214 1787 1300 1848 adest
1322 1789 1449 1848 elemen-

117 1896 179 1944 tum
202 1873 227 1951 8
249 1887 314 1946 sive
329 1888 354 1962 j
369 1886 407 1946 ab
421 1886 526 1946 iisdem
542 1887 580 1947 ad
594 1896 718 1965 accepta
732 1907 750 1946 a
765 1886 891 1947 Graecis
907 1887 1063 1947 adiectum.
1102 1887 1334 1966 comparatione
1349 1897 1447 1950 autem

116 1986 255 2046 instituta
281 1987 506 2064 alphabetorum
529 1987 720 2049 Clusinorum
748 2008 815 2048 cum
843 1989 981 2050 Etruscis
1008 1990 1132 2066 reliquis
1158 1988 1232 2050 haec
1258 1991 1449 2051 inveniuntur

117 2089 240 2166 propria
261 2097 290 2148 et
311 2090 467 2149 notabilia.

204 2192 230 2248 1.
263 2191 436 2269 Alphabeta
450 2192 579 2252 Etrusca
592 2192 729 2271 vulgaria
750 2211 816 2252 cum
838 2193 969 2252 habeant
990 2193 1119 2251 litteram
1142 2212 1166 2264 c,
1189 2193 1327 2252 omittant
1348 2193 1376 2263 lc,
1401 2192 1448 2252 hic

118 2312 134 2350 e
156 2293 307 2350 contrario
328 2293 348 2351 k
369 2294 463 2366 adest,
485 2295 570 2354 abest
591 2314 615 2354 c.
653 2292 741 2368 Quod
762 2313 944 2371 quamquam
959 2301 1140 2370 noeumest,
1162 2301 1262 2352 tamen
1277 2303 1357 2354 recte
1369 2312 1449 2352 com·

117 2403 244 2470 ponetur
265 2413 331 2453 cum
355 2395 516 2473 alphabeto
530 2397 659 2455 Etrusco
677 2396 794 2456 vasculi
808 2394 919 2454 Nolani
940 2396 1050 2472 prioris
1070 2397 1091 2454 l.
1108 2414 1133 2454 c.
1156 2413 1175 2453 a
1197 2414 1244 2454 me
1265 2395 1347 2470 editi,
1370 2397 1451 2456 ubic

118 2495 165 2554 bis
187 2497 330 2573 repetitur
350 2509 381 2556 et
401 2515 456 2556 sno
477 2497 544 2556 loco
566 2507 595 2555 et
615 2497 681 2556 loco
702 2498 821 2558 litterae
843 2497 871 2557 lt.
913 2498 1054 2574 Denique
1077 2516 1096 2555 a
1117 2496 1212 2556 titulis
1236 2497 1449 2556 vetustioribus

117 2595 295 2675 Etruscis1)
322 2607 356 2658 ut
382 2597 420 2658 ab
449 2599 572 2659 Umbris
599 2600 711 2675 pariter
741 2608 829 2676 atque
856 2598 894 2657 ab
920 2598 978 2658 hoc
1003 2599 1163 2676 alphabeto
1192 2599 1277 2658 abest
1304 2617 1331 2670 c,
1365 2599 1451 2658 adest

118 2699 183 2758 dus
204 2700 273 2759 loco
295 2701 323 2759 lt.

202 2799 231 2860 2.
268 2799 345 2861 Cum
373 2803 552 2862 elementum
578 2821 592 2861 a
620 2803 650 2860 in
672 2801 802 2862 Etrusca
828 2802 998 2862 litteratura
1023 2801 1135 2879 duplex
1162 2803 1202 2860 sit
1229 2819 1254 2860 u
1282 2810 1351 2878 post
1370 2821 1406 2879 p,
1435 2817 1450 2860 s

117 2911 189 2980 post
209 2921 235 2974 r,
257 2903 288 2961 in
310 2903 477 2982 alphabetis
499 2904 547 2963 his
570 2903 705 2965 Clusinis
727 2905 784 2963 boc
805 2904 923 2963 videtur
944 2903 1118 2964 desiderari.

203 3003 232 3062 3.
265 3005 300 3064 ln
322 3006 490 3084 alphabeto
506 3005 637 3066 secundo
658 3007 790 3066 cernitur
809 3005 909 3064 littera
927 3025 947 3062 a
965 3005 1033 3063 loco
1048 3012 1139 3077 mota,
1162 3006 1276 3065 scilicet
1290 3025 1328 3064 ex
1345 3015 1450 3083 quarto

119 3126 138 3164 a
160 3107 219 3166 tine
239 3107 307 3166 loco
328 3109 475 3167 translata
498 3109 528 3166 in
549 3109 683 3180 tertium3
705 3109 764 3167 tria
784 3117 883 3166 autem
905 3106 1021 3182 reliqua
1040 3106 1200 3185 alphabeta
1219 3113 1321 3164 carent
1342 3106 1450 3166 litteris

119 3207 216 3266 tribus
232 3225 251 3265 u
266 3211 330 3285 χχ,
351 3227 429 3286 qnae
450 3209 566 3270 litterae
587 3211 617 3267 in
639 3209 797 3286 alphabeto
820 3206 960 3280 secundo,
983 3207 1035 3265 ubi
1057 3225 1077 3264 a
1098 3206 1353 3283 antepaenultima
1371 3206 1450 3266 facta

119 3317 176 3380 est,
197 3319 350 3370 extremae
372 3318 451 3369 sunt.
489 3310 625 3372 Omissio
646 3312 721 3370 haec
743 3310 808 3369 sine
830 3309 920 3368 dubio
942 3307 1018 3367 redit
1039 3307 1076 3366 ad
1099 3308 1196 3368 solam
1217 3308 1377 3367 scribentis
1399 3327 1450 3368 ne·

120 3411 317 3488 glegentiam3
338 3432 393 3471 nec
415 3413 512 3485 video,
534 3413 606 3490 quid
627 3413 709 3471 alind
732 3413 856 3471 subesse
878 3411 976 3488 possit
997 3410 1089 3469 mirae
1110 3407 1155 3468 illi
1176 3409 1292 3468 litterae
1314 3428 1334 3466 u
1354 3420 1450 3469 trans·

121 3513 274 3590 positioni.

204 3617 233 3674 4.
268 3614 425 3694 Scriptura
444 3623 588 3695 quattuor
602 3615 827 3693 alphabetorum
844 3635 862 3674 a
877 3609 1002 3674 sinistra
1016 3612 1205 3674 dextrorsum
1221 3614 1355 3691 procedit
1369 3632 1451 3673 mors

121 3715 241 3777 Latino.

686 3826 889 3836 ——nn-——u-

463 4023 503 4082 x.
548 4020 813 4083 annuomvu.
857 4018 1114 4080 anemurum
1175 3993 1182 4010 '

207 4177 354 4239 Flaminis
376 4178 574 4239 secerdotium
596 4185 626 4238 et
638 4181 820 4254 stamineum
840 4183 921 4236 recte
943 4177 1003 4236 dici
1025 4179 1228 4252 etflumontam
1249 4182 1379 4247 constat3
1394 4177 1451 4249 sta

120 4283 239 4340 misiam
259 4289 369 4354 autem,
390 4299 452 4357 qua
471 4281 571 4340 forma
589 4279 678 4338 hodie
699 4278 791 4354 vulgo
812 4287 945 4348 utuntur,
967 4277 1046 4337 haud
1069 4277 1132 4336 scio
1153 4295 1193 4335 an
1213 4276 1287 4334 satis
1309 4273 1450 4333 Latinum

120 4403 183 4443 non
206 4381 255 4442 sia
290 4380 370 4440 Nam
391 4381 470 4441 tituli
491 4383 543 4458 qui
565 4388 669 4441 extant
690 4361 808 4457 praeter
821 4381 991 4454 fluminales
1006 4379 1186 4437 vocabulum
1201 4394 1261 4434 non
1275 4385 1451 4453 agnoscunt,

120 4483 205 4562 quod
225 4483 345 4559 quidem
368 4483 470 4556 sciam,
493 4483 551 4543 nisi
571 4482 697 4542 alterum
711 4483 852 4558 flmaone't,
874 4480 955 4557 quod
974 4479 1085 4557 legitur
1105 4479 1136 4538 in
1151 4478 1246 4537 titulis
1263 4473 1377 4535 Dacico
1393 4493 1452 4534 uuo

120 4585 185 4658 ΙΙΙ,
204 4585 284 4644 1134
306 4609 343 4636 ==
366 4583 601 4658 Grut.195,5,
627 4582 774 4660 Hispanis
795 4589 937 4659 quattuor
957 4581 1003 4654 11,
1025 4579 1114 4640 1936.
1136 4578 1226 4638 1939.
1248 4575 1339 4638 2195.
1360 4573 1452 4649 2221,

121 4687 279 4746 Africanis
306 4687 437 4763 quinque
458 4686 538 4764 apud
558 4685 732 4745 Renierium
758 4704 787 4742 n.
810 4681 900 4742 1428.
924 4680 1015 4742 1429.
1039 4681 1127 4740 1730.
1153 4677 1232 4739 1824
1255 4679 1308 4754 (--·
1327 4677 1452 4739 Henzen

123 4788 232 4865 5317).
255 4787 352 4859 3096,
382 4788 512 4846 fortasse
540 4787 630 4846 etiam
655 4787 687 4846 in
714 4785 792 4844 aliis.
840 4781 932 4860 Apud
960 4791 1097 4843 auctores
1127 4798 1230 4842 verum
1256 4789 1303 4840 est
1322 4781 1453 4856 flammati

121 4890 304 4950 vocabulum
326 4887 414 4948 bodie
435 4907 531 4966 paene
553 4887 755 4948 oblitteratum
775 4901 857 4958 esse;
884 4894 964 4946 certe
985 4893 1131 4963 quantum
1152 4881 1223 4956 vidi,
1244 4882 1343 4942 locum
1365 4899 1452 4941 suum

202 5163 228 5227 ¹)
254 5165 385 5231 Exempla
401 5164 550 5231 suppeditat
561 5161 749 5216 coambilias
767 5163 795 5214 in
812 5160 950 5226 splendido
963 5173 1040 5227 opere
1051 5159 1181 5214 mammem
1192 5157 1305 5214 attacks
1316 5173 1330 5212 s
1342 5165 1450 5210 mco·

124 5259 205 5311 lotias
224 5255 295 5309 della
311 5255 424 5326 poileio
442 5255 472 5308 di
487 5251 596 5309 Em
613 5253 772 5317 (stanneus
791 5253 873 5315 1959)
891 5267 919 5320 p.
931 5251 1030 5306 XCIV.
