<?xml version="1.0" encoding="UTF-8"?>
<!DOCTYPE html PUBLIC "-//W3C//DTD XHTML 1.0 Transitional//EN"
    "http://www.w3.org/TR/xhtml1/DTD/xhtml1-transitional.dtd">
<html xmlns="http://www.w3.org/1999/xhtml" xml:lang="en" lang="en">
 <head>
  <title>
</title>
<meta http-equiv="Content-Type" content="text/html;charset=utf-8" />
  <meta name='ocr-system' content='tesseract 3.04.00' />
  <meta name='ocr-capabilities' content='ocr_page ocr_carea ocr_par ocr_line ocrx_word'/>
</head>
<body>
  <div class='ocr_page' id='page_1' title='image "./ephemerisepigra19instgoog_0324.png"; bbox 0 0 3578 5962; ppageno 0'>
   <div class='ocr_carea' id='block_1_1' title="bbox 536 603 1458 684">
    <p class='ocr_par' dir='ltr' id='par_1_1' title="bbox 536 603 1458 684">
     <span class='ocr_line' id='line_1_1' title="bbox 536 603 1458 684; baseline 0.002 -2"><span class='ocrx_word' id='word_1_1' title='bbox 536 625 1052 683; x_wconf 61' lang='lat' dir='ltr'><strong>oasnevsmouesurrouxv.</strong></span> <span class='ocrx_word' id='word_1_2' title='bbox 1385 603 1458 684; x_wconf 83' lang='grc'><strong>291</strong></span> 
     </span>
    </p>
   </div>
   <div class='ocr_carea' id='block_1_2' title="bbox 127 799 1464 3027">
    <p class='ocr_par' dir='ltr' id='par_1_2' title="bbox 127 799 1464 3027">
     <span class='ocr_line' id='line_1_2' title="bbox 127 799 1459 884; baseline 0.002 -21"><span class='ocrx_word' id='word_1_3' title='bbox 127 804 158 864; x_wconf 91' lang='lat' dir='ltr'><strong>in</strong></span> <span class='ocrx_word' id='word_1_4' title='bbox 172 815 293 882; x_wconf 87' lang='lat' dir='ltr'><strong>portum</strong></span> <span class='ocrx_word' id='word_1_5' title='bbox 308 803 550 883; x_wconf 89' lang='lat' dir='ltr'><strong>Thespiensium,</strong></span> <span class='ocrx_word' id='word_1_6' title='bbox 565 802 617 881; x_wconf 89' lang='lat' dir='ltr'><strong>qui</strong></span> <span class='ocrx_word' id='word_1_7' title='bbox 631 809 803 861; x_wconf 89' lang='lat' dir='ltr'><strong>manserant</strong></span> <span class='ocrx_word' id='word_1_8' title='bbox 816 799 848 859; x_wconf 92' lang='lat' dir='ltr'><strong>iu</strong></span> <span class='ocrx_word' id='word_1_9' title='bbox 862 800 1006 859; x_wconf 86' lang='lat' dir='ltr'><strong>societate</strong></span> <span class='ocrx_word' id='word_1_10' title='bbox 1020 799 1159 860; x_wconf 69' lang='grc'><strong>16666666</strong></span> <span class='ocrx_word' id='word_1_11' title='bbox 1169 801 1291 881; x_wconf 85' lang='lat' dir='ltr'>(Polyb.</span> <span class='ocrx_word' id='word_1_12' title='bbox 1308 801 1357 877; x_wconf 87' lang='lat'><strong>27,</strong></span> <span class='ocrx_word' id='word_1_13' title='bbox 1372 807 1398 879; x_wconf 93' lang='lat' dir='ltr'><strong>l,</strong></span> <span class='ocrx_word' id='word_1_14' title='bbox 1417 807 1459 884; x_wconf 93' lang='grc'><strong>1).</strong></span> 
     </span>
     <span class='ocr_line' id='line_1_3' title="bbox 128 899 1460 989; baseline 0.003 -25"><span class='ocrx_word' id='word_1_15' title='bbox 128 907 159 964; x_wconf 83' lang='grc' dir='ltr'><strong>Α</strong></span> <span class='ocrx_word' id='word_1_16' title='bbox 187 903 304 966; x_wconf 87' lang='lat' dir='ltr'><strong>Creusa</strong></span> <span class='ocrx_word' id='word_1_17' title='bbox 331 914 361 968; x_wconf 89' lang='lat' dir='ltr'><strong>et</strong></span> <span class='ocrx_word' id='word_1_18' title='bbox 387 907 455 984; x_wconf 89' lang='lat' dir='ltr'><strong>ipss</strong></span> <span class='ocrx_word' id='word_1_19' title='bbox 481 904 653 966; x_wconf 71' lang='lat' dir='ltr'><strong>Haliartum</strong></span> <span class='ocrx_word' id='word_1_20' title='bbox 679 920 713 962; x_wconf 92' lang='lat' dir='ltr'><strong>se</strong></span> <span class='ocrx_word' id='word_1_21' title='bbox 738 902 878 975; x_wconf 87' lang='lat' dir='ltr'><strong>contulit,</strong></span> <span class='ocrx_word' id='word_1_22' title='bbox 907 899 958 961; x_wconf 91' lang='lat' dir='ltr'><strong>ubi</strong></span> <span class='ocrx_word' id='word_1_23' title='bbox 984 900 1108 963; x_wconf 84' lang='lat' dir='ltr'><strong>fratrem</strong></span> <span class='ocrx_word' id='word_1_24' title='bbox 1133 905 1265 982; x_wconf 86' lang='lat' dir='ltr'><strong>repperit</strong></span> <span class='ocrx_word' id='word_1_25' title='bbox 1290 907 1350 967; x_wconf 90' lang='lat' dir='ltr'><strong>iam</strong></span> <span class='ocrx_word' id='word_1_26' title='bbox 1375 911 1460 989; x_wconf 91' lang='lat' dir='ltr'><strong>oppi-</strong></span> 
     </span>
     <span class='ocr_line' id='line_1_4' title="bbox 130 1003 1461 1087; baseline 0.005 -21"><span class='ocrx_word' id='word_1_27' title='bbox 130 1007 201 1068; x_wconf 85' lang='lat' dir='ltr'><strong>dum</strong></span> <span class='ocrx_word' id='word_1_28' title='bbox 223 1025 398 1086; x_wconf 83' lang='lat' dir='ltr'><strong>oppugnare</strong></span> <span class='ocrx_word' id='word_1_29' title='bbox 420 1015 576 1087; x_wconf 89' lang='lat' dir='ltr'><strong>parantem</strong></span> <span class='ocrx_word' id='word_1_30' title='bbox 598 1005 680 1083; x_wconf 83' lang='lat' dir='ltr'><strong>(Lir.</strong></span> <span class='ocrx_word' id='word_1_31' title='bbox 702 1003 754 1077; x_wconf 97' lang='grc'>42,</span> <span class='ocrx_word' id='word_1_32' title='bbox 776 1004 841 1082; x_wconf 82' lang='grc'>59).</span> <span class='ocrx_word' id='word_1_33' title='bbox 876 1003 923 1063; x_wconf 86' lang='lat' dir='ltr'><strong>Eo</strong></span> <span class='ocrx_word' id='word_1_34' title='bbox 944 1003 975 1062; x_wconf 87' lang='lat' dir='ltr'><strong>vi</strong></span> <span class='ocrx_word' id='word_1_35' title='bbox 991 1012 1079 1082; x_wconf 87' lang='lat' dir='ltr'><strong>capto</strong></span> <span class='ocrx_word' id='word_1_36' title='bbox 1100 1014 1130 1066; x_wconf 90' lang='lat' dir='ltr'><strong>et</strong></span> <span class='ocrx_word' id='word_1_37' title='bbox 1145 1005 1245 1066; x_wconf 90' lang='lat' dir='ltr'><strong>diruto</strong></span> <span class='ocrx_word' id='word_1_38' title='bbox 1265 1011 1331 1070; x_wconf 82' lang='lat' dir='ltr'><strong>iada</strong></span> <span class='ocrx_word' id='word_1_39' title='bbox 1348 1010 1461 1072; x_wconf 83' lang='lat' dir='ltr'><strong>Thebas</strong></span> 
     </span>
     <span class='ocr_line' id='line_1_5' title="bbox 130 1106 1462 1192; baseline 0.004 -23"><span class='ocrx_word' id='word_1_40' title='bbox 130 1111 233 1169; x_wconf 70' lang='lat' dir='ltr'><strong>doctm</strong></span> <span class='ocrx_word' id='word_1_41' title='bbox 255 1114 410 1182; x_wconf 67' lang='lat' dir='ltr'><strong>eumdum</strong></span> <span class='ocrx_word' id='word_1_42' title='bbox 434 1109 537 1189; x_wconf 83' lang='lat' dir='ltr'><strong>quibus</strong></span> <span class='ocrx_word' id='word_1_43' title='bbox 564 1113 626 1170; x_wconf 83' lang='lat' dir='ltr'><strong>sine</strong></span> <span class='ocrx_word' id='word_1_44' title='bbox 647 1110 797 1169; x_wconf 69' lang='lat' dir='ltr'><strong>columine</strong></span> <span class='ocrx_word' id='word_1_45' title='bbox 816 1109 935 1183; x_wconf 81' lang='lat' dir='ltr'><strong>receptis</strong></span> <span class='ocrx_word' id='word_1_46' title='bbox 956 1106 1051 1166; x_wconf 77' lang='lat' dir='ltr'><strong>urbere</strong></span> <span class='ocrx_word' id='word_1_47' title='bbox 1072 1109 1194 1169; x_wconf 74' lang='lat' dir='ltr'><strong>tradidit</strong></span> <span class='ocrx_word' id='word_1_48' title='bbox 1213 1111 1341 1173; x_wconf 77' lang='lat' dir='ltr'><strong>arealibus</strong></span> <span class='ocrx_word' id='word_1_49' title='bbox 1362 1124 1391 1174; x_wconf 87' lang='lat' dir='ltr'><strong>et</strong></span> <span class='ocrx_word' id='word_1_50' title='bbox 1410 1117 1462 1192; x_wconf 82' lang='lat' dir='ltr'><strong>qui</strong></span> 
     </span>
     <span class='ocr_line' id='line_1_6' title="bbox 128 1208 1461 1293; baseline 0.005 -23"><span class='ocrx_word' id='word_1_51' title='bbox 128 1211 324 1272; x_wconf 73' lang='lat' dir='ltr'><strong>amoma</strong></span> <span class='ocrx_word' id='word_1_52' title='bbox 346 1217 445 1290; x_wconf 85' lang='lat' dir='ltr'><strong>portia</strong></span> <span class='ocrx_word' id='word_1_53' title='bbox 472 1222 568 1286; x_wconf 76' lang='lat' dir='ltr'><strong>eram,</strong></span> <span class='ocrx_word' id='word_1_54' title='bbox 600 1213 742 1271; x_wconf 73' lang='lat' dir='ltr'><strong>advocas</strong></span> <span class='ocrx_word' id='word_1_55' title='bbox 761 1211 901 1286; x_wconf 71' lang='lat' dir='ltr'><em>factionis</em></span> <span class='ocrx_word' id='word_1_56' title='bbox 928 1208 1070 1268; x_wconf 83' lang='lat' dir='ltr'><strong>homiuum</strong></span> <span class='ocrx_word' id='word_1_57' title='bbox 1090 1212 1297 1291; x_wconf 79' lang='lat' dir='ltr'><strong>fautorumque</strong></span> <span class='ocrx_word' id='word_1_58' title='bbox 1321 1221 1399 1293; x_wconf 81' lang='lat' dir='ltr'><strong>repis</strong></span> <span class='ocrx_word' id='word_1_59' title='bbox 1425 1235 1461 1277; x_wconf 88' lang='lat' dir='ltr'><strong>oc</strong></span> 
     </span>
     <span class='ocr_line' id='line_1_7' title="bbox 127 1311 1462 1391; baseline 0.005 -18"><span class='ocrx_word' id='word_1_60' title='bbox 127 1313 321 1374; x_wconf 72' lang='lat' dir='ltr'><strong>Macedonum</strong></span> <span class='ocrx_word' id='word_1_61' title='bbox 338 1315 475 1391; x_wconf 79' lang='lat' dir='ltr'><strong>familias</strong></span> <span class='ocrx_word' id='word_1_62' title='bbox 500 1315 552 1374; x_wconf 74' lang='lat' dir='ltr'><strong>aab</strong></span> <span class='ocrx_word' id='word_1_63' title='bbox 573 1330 679 1373; x_wconf 81' lang='lat' dir='ltr'><strong>corona</strong></span> <span class='ocrx_word' id='word_1_64' title='bbox 703 1312 839 1372; x_wconf 79' lang='lat' dir='ltr'><strong>uendidit.</strong></span> <span class='ocrx_word' id='word_1_65' title='bbox 880 1311 940 1370; x_wconf 85' lang='lat' dir='ltr'><strong>His</strong></span> <span class='ocrx_word' id='word_1_66' title='bbox 965 1315 1053 1388; x_wconf 77' lang='lat' dir='ltr'><strong>pastis</strong></span> <span class='ocrx_word' id='word_1_67' title='bbox 1079 1316 1111 1370; x_wconf 83' lang='lat' dir='ltr'><strong>io</strong></span> <span class='ocrx_word' id='word_1_68' title='bbox 1131 1314 1254 1374; x_wconf 81' lang='lat' dir='ltr'><strong>Boeotia</strong></span> <span class='ocrx_word' id='word_1_69' title='bbox 1274 1319 1317 1376; x_wconf 90' lang='lat' dir='ltr'><strong>ad</strong></span> <span class='ocrx_word' id='word_1_70' title='bbox 1334 1337 1415 1380; x_wconf 85' lang='lat' dir='ltr'><strong>mera</strong></span> <span class='ocrx_word' id='word_1_71' title='bbox 1434 1331 1462 1380; x_wconf 78' lang='lat' dir='ltr'><strong>at</strong></span> 
     </span>
     <span class='ocr_line' id='line_1_8' title="bbox 127 1411 1459 1496; baseline 0.006 -22"><span class='ocrx_word' id='word_1_72' title='bbox 127 1417 278 1476; x_wconf 83' lang='lat' dir='ltr'><strong>edoceas</strong></span> <span class='ocrx_word' id='word_1_73' title='bbox 298 1419 391 1477; x_wconf 78' lang='lat' dir='ltr'><strong>rediit</strong></span> <span class='ocrx_word' id='word_1_74' title='bbox 428 1416 509 1493; x_wconf 80' lang='lat' dir='ltr'><strong>(Lis.</strong></span> <span class='ocrx_word' id='word_1_75' title='bbox 528 1415 579 1488; x_wconf 83' lang='lat'><strong>42,</strong></span> <span class='ocrx_word' id='word_1_76' title='bbox 603 1415 652 1487; x_wconf 89' lang='grc'><strong>63,</strong></span> <span class='ocrx_word' id='word_1_77' title='bbox 675 1411 739 1489; x_wconf 91' lang='grc'>12).</span> <span class='ocrx_word' id='word_1_78' title='bbox 781 1412 881 1472; x_wconf 77' lang='lat' dir='ltr'><strong>Abest</strong></span> <span class='ocrx_word' id='word_1_79' title='bbox 900 1413 992 1490; x_wconf 80' lang='lat' dir='ltr'><strong>igitur</strong></span> <span class='ocrx_word' id='word_1_80' title='bbox 1012 1413 1051 1472; x_wconf 91' lang='lat' dir='ltr'><strong>ab</strong></span> <span class='ocrx_word' id='word_1_81' title='bbox 1071 1417 1254 1490; x_wconf 88' lang='lat' dir='ltr'><strong>auctoribus,</strong></span> <span class='ocrx_word' id='word_1_82' title='bbox 1274 1419 1327 1496; x_wconf 90' lang='lat' dir='ltr'><strong>qui</strong></span> <span class='ocrx_word' id='word_1_83' title='bbox 1347 1422 1459 1482; x_wconf 89' lang='lat' dir='ltr'><strong>bellum</strong></span> 
     </span>
     <span class='ocr_line' id='line_1_9' title="bbox 127 1515 1460 1596; baseline 0.006 -19"><span class='ocrx_word' id='word_1_84' title='bbox 127 1517 287 1578; x_wconf 90' lang='lat' dir='ltr'><strong>Persicam</strong></span> <span class='ocrx_word' id='word_1_85' title='bbox 308 1527 458 1591; x_wconf 76' lang='lat' dir='ltr'>enarrant,</span> <span class='ocrx_word' id='word_1_86' title='bbox 480 1517 560 1594; x_wconf 93' lang='lat' dir='ltr'><strong>quod</strong></span> <span class='ocrx_word' id='word_1_87' title='bbox 581 1517 710 1596; x_wconf 81' lang='lat' dir='ltr'><strong>legimus</strong></span> <span class='ocrx_word' id='word_1_88' title='bbox 731 1515 763 1575; x_wconf 90' lang='lat' dir='ltr'><strong>in</strong></span> <span class='ocrx_word' id='word_1_89' title='bbox 785 1524 908 1574; x_wconf 86' lang='lat' dir='ltr'><strong>senatus</strong></span> <span class='ocrx_word' id='word_1_90' title='bbox 930 1515 1068 1576; x_wconf 87' lang='lat' dir='ltr'><strong>consulto</strong></span> <span class='ocrx_word' id='word_1_91' title='bbox 1090 1516 1131 1593; x_wconf 85' lang='lat' dir='ltr'><strong>(v.</strong></span> <span class='ocrx_word' id='word_1_92' title='bbox 1154 1515 1208 1595; x_wconf 92' lang='lat'><strong>22)</strong></span> <span class='ocrx_word' id='word_1_93' title='bbox 1231 1517 1267 1580; x_wconf 92' lang='lat' dir='ltr'><strong>C.</strong></span> <span class='ocrx_word' id='word_1_94' title='bbox 1288 1520 1460 1584; x_wconf 88' lang='lat' dir='ltr'><strong>Lucretium</strong></span> 
     </span>
     <span class='ocr_line' id='line_1_10' title="bbox 128 1617 1462 1698; baseline 0.007 -20"><span class='ocrx_word' id='word_1_95' title='bbox 128 1630 231 1680; x_wconf 85' lang='lat' dir='ltr'><strong>eastra</strong></span> <span class='ocrx_word' id='word_1_96' title='bbox 257 1619 428 1682; x_wconf 81' lang='lat' dir='ltr'><strong>admouisse</strong></span> <span class='ocrx_word' id='word_1_97' title='bbox 460 1620 500 1679; x_wconf 90' lang='lat' dir='ltr'><strong>ad</strong></span> <span class='ocrx_word' id='word_1_98' title='bbox 526 1619 669 1698; x_wconf 91' lang='lat' dir='ltr'><strong>oppidum</strong></span> <span class='ocrx_word' id='word_1_99' title='bbox 698 1617 934 1678; x_wconf 67' lang='lat' dir='ltr'><strong>Thisbaeas</strong></span> <span class='ocrx_word' id='word_1_100' title='bbox 958 1617 1108 1696; x_wconf 79' lang='lat' dir='ltr'><strong>Polybius</strong></span> <span class='ocrx_word' id='word_1_101' title='bbox 1133 1638 1199 1683; x_wconf 89' lang='lat' dir='ltr'><strong>cum</strong></span> <span class='ocrx_word' id='word_1_102' title='bbox 1225 1634 1379 1686; x_wconf 76' lang='lat' dir='ltr'><strong>narrasset</strong></span> <span class='ocrx_word' id='word_1_103' title='bbox 1402 1627 1462 1688; x_wconf 90' lang='lat' dir='ltr'><strong>tria</strong></span> 
     </span>
     <span class='ocr_line' id='line_1_11' title="bbox 128 1719 1461 1798; baseline 0.007 -17"><span class='ocrx_word' id='word_1_104' title='bbox 128 1722 243 1798; x_wconf 91' lang='lat' dir='ltr'><strong>oppida</strong></span> <span class='ocrx_word' id='word_1_105' title='bbox 268 1743 288 1782; x_wconf 94' lang='lat' dir='ltr'><strong>a</strong></span> <span class='ocrx_word' id='word_1_106' title='bbox 308 1722 454 1784; x_wconf 74' lang='grc'><strong>17666666</strong></span> <span class='ocrx_word' id='word_1_107' title='bbox 475 1722 632 1796; x_wconf 84' lang='lat' dir='ltr'><strong>deiecisse,</strong></span> <span class='ocrx_word' id='word_1_108' title='bbox 660 1739 733 1781; x_wconf 90' lang='lat' dir='ltr'><strong>sane</strong></span> <span class='ocrx_word' id='word_1_109' title='bbox 757 1727 792 1779; x_wconf 92' lang='lat' dir='ltr'><strong>ut</strong></span> <span class='ocrx_word' id='word_1_110' title='bbox 811 1719 848 1780; x_wconf 90' lang='lat' dir='ltr'><strong>de</strong></span> <span class='ocrx_word' id='word_1_111' title='bbox 868 1719 1008 1780; x_wconf 90' lang='lat' dir='ltr'><strong>Haliarto</strong></span> <span class='ocrx_word' id='word_1_112' title='bbox 1028 1730 1058 1780; x_wconf 90' lang='lat' dir='ltr'><strong>et</strong></span> <span class='ocrx_word' id='word_1_113' title='bbox 1080 1719 1219 1782; x_wconf 86' lang='lat' dir='ltr'><strong>Coronea</strong></span> <span class='ocrx_word' id='word_1_114' title='bbox 1244 1725 1288 1786; x_wconf 89' lang='lat' dir='ltr'><strong>ite</strong></span> <span class='ocrx_word' id='word_1_115' title='bbox 1308 1729 1399 1788; x_wconf 87' lang='lat' dir='ltr'><strong>etiem</strong></span> <span class='ocrx_word' id='word_1_116' title='bbox 1423 1731 1461 1790; x_wconf 91' lang='lat' dir='ltr'><strong>de</strong></span> 
     </span>
     <span class='ocr_line' id='line_1_12' title="bbox 128 1821 1461 1909; baseline 0.008 -27"><span class='ocrx_word' id='word_1_117' title='bbox 128 1821 255 1884; x_wconf 88' lang='lat' dir='ltr'><strong>Thisbis</strong></span> <span class='ocrx_word' id='word_1_118' title='bbox 277 1825 350 1902; x_wconf 90' lang='lat' dir='ltr'><strong>quid</strong></span> <span class='ocrx_word' id='word_1_119' title='bbox 371 1825 484 1885; x_wconf 87' lang='lat' dir='ltr'><strong>iactum</strong></span> <span class='ocrx_word' id='word_1_120' title='bbox 506 1824 548 1884; x_wconf 91' lang='lat' dir='ltr'><strong>sit</strong></span> <span class='ocrx_word' id='word_1_121' title='bbox 567 1821 729 1884; x_wconf 81' lang='lat' dir='ltr'><strong>memoriae</strong></span> <span class='ocrx_word' id='word_1_122' title='bbox 743 1821 876 1895; x_wconf 81' lang='lat' dir='ltr'><strong>tradidit3</strong></span> <span class='ocrx_word' id='word_1_123' title='bbox 898 1821 1005 1882; x_wconf 86' lang='lat' dir='ltr'><strong>Livius</strong></span> <span class='ocrx_word' id='word_1_124' title='bbox 1026 1823 1057 1882; x_wconf 92' lang='lat' dir='ltr'><strong>id</strong></span> <span class='ocrx_word' id='word_1_125' title='bbox 1078 1825 1215 1888; x_wconf 87' lang='lat' dir='ltr'><strong>omittere</strong></span> <span class='ocrx_word' id='word_1_126' title='bbox 1229 1829 1337 1905; x_wconf 89' lang='lat' dir='ltr'><strong>potuit,</strong></span> <span class='ocrx_word' id='word_1_127' title='bbox 1357 1849 1461 1909; x_wconf 90' lang='lat' dir='ltr'><strong>quem·</strong></span> 
     </span>
     <span class='ocr_line' id='line_1_13' title="bbox 127 1923 1463 2003; baseline 0.008 -19"><span class='ocrx_word' id='word_1_128' title='bbox 127 1941 219 2002; x_wconf 91' lang='lat' dir='ltr'><strong>quam</strong></span> <span class='ocrx_word' id='word_1_129' title='bbox 240 1925 360 1986; x_wconf 80' lang='lat' dir='ltr'><strong>videtur</strong></span> <span class='ocrx_word' id='word_1_130' title='bbox 380 1928 411 1988; x_wconf 91' lang='lat' dir='ltr'><strong>in</strong></span> <span class='ocrx_word' id='word_1_131' title='bbox 433 1928 574 1987; x_wconf 83' lang='lat' dir='ltr'><strong>universa</strong></span> <span class='ocrx_word' id='word_1_132' title='bbox 594 1927 651 1985; x_wconf 88' lang='lat' dir='ltr'><strong>hac</strong></span> <span class='ocrx_word' id='word_1_133' title='bbox 671 1924 842 1984; x_wconf 75' lang='lat' dir='ltr'><strong>narratione</strong></span> <span class='ocrx_word' id='word_1_134' title='bbox 857 1923 1017 2003; x_wconf 86' lang='lat' dir='ltr'><strong>Polybium</strong></span> <span class='ocrx_word' id='word_1_135' title='bbox 1038 1942 1144 2001; x_wconf 79' lang='lat' dir='ltr'><strong>presse</strong></span> <span class='ocrx_word' id='word_1_136' title='bbox 1165 1937 1282 1990; x_wconf 89' lang='lat' dir='ltr'><strong>secutus</strong></span> <span class='ocrx_word' id='word_1_137' title='bbox 1304 1949 1383 1993; x_wconf 89' lang='lat' dir='ltr'><strong>osse.</strong></span> <span class='ocrx_word' id='word_1_138' title='bbox 1418 1935 1463 1994; x_wconf 84' lang='lat' dir='ltr'><strong>At</strong></span> 
     </span>
     <span class='ocr_line' id='line_1_14' title="bbox 127 2027 1461 2106; baseline 0.006 -20"><span class='ocrx_word' id='word_1_139' title='bbox 127 2045 277 2104; x_wconf 88' lang='lat' dir='ltr'><strong>quaenam</strong></span> <span class='ocrx_word' id='word_1_140' title='bbox 310 2038 358 2088; x_wconf 87' lang='lat' dir='ltr'><strong>est</strong></span> <span class='ocrx_word' id='word_1_141' title='bbox 387 2029 443 2088; x_wconf 95' lang='lat' dir='ltr'><strong>illa</strong></span> <span class='ocrx_word' id='word_1_142' title='bbox 473 2037 543 2106; x_wconf 89' lang='lat' dir='ltr'><strong>post</strong></span> <span class='ocrx_word' id='word_1_143' title='bbox 568 2027 740 2088; x_wconf 88' lang='lat' dir='ltr'><strong>Haliartum</strong></span> <span class='ocrx_word' id='word_1_144' title='bbox 771 2036 890 2104; x_wconf 84' lang='lat' dir='ltr'><strong>captam</strong></span> <span class='ocrx_word' id='word_1_145' title='bbox 921 2027 1075 2104; x_wconf 83' lang='lat' dir='ltr'><strong>expeditio</strong></span> <span class='ocrx_word' id='word_1_146' title='bbox 1107 2028 1252 2092; x_wconf 84' lang='lat' dir='ltr'><strong>adversus</strong></span> <span class='ocrx_word' id='word_1_147' title='bbox 1278 2032 1461 2096; x_wconf 78' lang='lat' dir='ltr'><strong>Thebanos?</strong></span> 
     </span>
     <span class='ocr_line' id='line_1_15' title="bbox 128 2127 1461 2208; baseline 0.007 -20"><span class='ocrx_word' id='word_1_148' title='bbox 128 2127 239 2190; x_wconf 84' lang='lat' dir='ltr'><strong>Nonus</strong></span> <span class='ocrx_word' id='word_1_149' title='bbox 259 2130 349 2190; x_wconf 89' lang='lat' dir='ltr'><strong>modo</strong></span> <span class='ocrx_word' id='word_1_150' title='bbox 373 2130 438 2208; x_wconf 89' lang='grc'>(42,</span> <span class='ocrx_word' id='word_1_151' title='bbox 460 2130 510 2190; x_wconf 87' lang='grc'><strong>44.</strong></span> <span class='ocrx_word' id='word_1_152' title='bbox 537 2130 591 2207; x_wconf 93' lang='grc'><strong>46)</strong></span> <span class='ocrx_word' id='word_1_153' title='bbox 619 2129 788 2189; x_wconf 85' lang='lat' dir='ltr'><strong>audivimus</strong></span> <span class='ocrx_word' id='word_1_154' title='bbox 814 2129 941 2189; x_wconf 89' lang='lat' dir='ltr'><strong>eundem</strong></span> <span class='ocrx_word' id='word_1_155' title='bbox 962 2128 1082 2189; x_wconf 84' lang='lat' dir='ltr'><strong>Livium</strong></span> <span class='ocrx_word' id='word_1_156' title='bbox 1107 2139 1276 2192; x_wconf 68' lang='lat' dir='ltr'><strong>nauantem</strong></span> <span class='ocrx_word' id='word_1_157' title='bbox 1299 2134 1461 2197; x_wconf 84' lang='lat' dir='ltr'><strong>Thebanos</strong></span> 
     </span>
     <span class='ocr_line' id='line_1_16' title="bbox 127 2230 1461 2309; baseline 0.008 -20"><span class='ocrx_word' id='word_1_158' title='bbox 127 2230 309 2305; x_wconf 80' lang='lat' dir='ltr'><strong>decreuisse,</strong></span> <span class='ocrx_word' id='word_1_159' title='bbox 331 2239 365 2292; x_wconf 88' lang='lat' dir='ltr'><strong>ut</strong></span> <span class='ocrx_word' id='word_1_160' title='bbox 385 2233 541 2293; x_wconf 89' lang='lat' dir='ltr'><strong>tolleretur</strong></span> <span class='ocrx_word' id='word_1_161' title='bbox 560 2232 644 2309; x_wconf 81' lang='lat' dir='ltr'><strong>regia</strong></span> <span class='ocrx_word' id='word_1_162' title='bbox 664 2231 802 2306; x_wconf 91' lang='lat' dir='ltr'><strong>societas,</strong></span> <span class='ocrx_word' id='word_1_163' title='bbox 824 2240 963 2291; x_wconf 81' lang='lat' dir='ltr'><strong>auctores</strong></span> <span class='ocrx_word' id='word_1_164' title='bbox 984 2231 1180 2308; x_wconf 79' lang='lat' dir='ltr'><strong>paciscendae</strong></span> <span class='ocrx_word' id='word_1_165' title='bbox 1201 2234 1266 2294; x_wconf 88' lang='lat' dir='ltr'><strong>eius</strong></span> <span class='ocrx_word' id='word_1_166' title='bbox 1284 2234 1461 2300; x_wconf 83' lang='lat' dir='ltr'><strong>Chalcidem</strong></span> 
     </span>
     <span class='ocr_line' id='line_1_17' title="bbox 129 2331 1460 2416; baseline 0.007 -24"><span class='ocrx_word' id='word_1_167' title='bbox 129 2333 170 2392; x_wconf 89' lang='lat' dir='ltr'><strong>ad</strong></span> <span class='ocrx_word' id='word_1_168' title='bbox 195 2333 351 2404; x_wconf 85' lang='lat' dir='ltr'><strong>Romanos</strong></span> <span class='ocrx_word' id='word_1_169' title='bbox 378 2336 508 2408; x_wconf 88' lang='lat' dir='ltr'><strong>misisse,</strong></span> <span class='ocrx_word' id='word_1_170' title='bbox 544 2334 700 2394; x_wconf 75' lang='lat' dir='ltr'><strong>Romame</strong></span> <span class='ocrx_word' id='word_1_171' title='bbox 725 2334 823 2393; x_wconf 89' lang='lat' dir='ltr'><strong>laetos</strong></span> <span class='ocrx_word' id='word_1_172' title='bbox 854 2331 886 2392; x_wconf 92' lang='lat' dir='ltr'><strong>id</strong></span> <span class='ocrx_word' id='word_1_173' title='bbox 912 2333 1080 2406; x_wconf 86' lang='lat' dir='ltr'><strong>audiuisse,</strong></span> <span class='ocrx_word' id='word_1_174' title='bbox 1112 2334 1227 2396; x_wconf 88' lang='lat' dir='ltr'><strong>Thebis</strong></span> <span class='ocrx_word' id='word_1_175' title='bbox 1254 2357 1309 2416; x_wconf 87' lang='lat' dir='ltr'><strong>per</strong></span> <span class='ocrx_word' id='word_1_176' title='bbox 1333 2340 1460 2401; x_wconf 90' lang='lat' dir='ltr'><strong>hiemem</strong></span> 
     </span>
     <span class='ocr_line' id='line_1_18' title="bbox 129 2434 1461 2515; baseline 0.005 -20"><span class='ocrx_word' id='word_1_177' title='bbox 129 2453 157 2495; x_wconf 91' lang='lat' dir='ltr'><strong>a.</strong></span> <span class='ocrx_word' id='word_1_178' title='bbox 180 2434 274 2498; x_wconf 82' lang='lat' dir='ltr'><strong>582l3</strong></span> <span class='ocrx_word' id='word_1_179' title='bbox 303 2435 339 2498; x_wconf 90' lang='lat' dir='ltr'><strong>P.</strong></span> <span class='ocrx_word' id='word_1_180' title='bbox 366 2436 530 2496; x_wconf 88' lang='lat' dir='ltr'><strong>Lentulum</strong></span> <span class='ocrx_word' id='word_1_181' title='bbox 556 2438 722 2515; x_wconf 80' lang='lat' dir='ltr'><strong>legatorum</strong></span> <span class='ocrx_word' id='word_1_182' title='bbox 748 2453 840 2494; x_wconf 89' lang='lat' dir='ltr'><strong>uuum</strong></span> <span class='ocrx_word' id='word_1_183' title='bbox 866 2453 935 2494; x_wconf 90' lang='lat' dir='ltr'><strong>cum</strong></span> <span class='ocrx_word' id='word_1_184' title='bbox 961 2436 1114 2513; x_wconf 92' lang='lat' dir='ltr'><strong>praesidio</strong></span> <span class='ocrx_word' id='word_1_185' title='bbox 1140 2437 1266 2499; x_wconf 86' lang='lat' dir='ltr'><strong>militum</strong></span> <span class='ocrx_word' id='word_1_186' title='bbox 1287 2439 1461 2502; x_wconf 89' lang='lat' dir='ltr'><strong>Italicorum</strong></span> 
     </span>
     <span class='ocr_line' id='line_1_19' title="bbox 127 2535 1461 2617; baseline 0.007 -21"><span class='ocrx_word' id='word_1_187' title='bbox 127 2538 304 2598; x_wconf 86' lang='lat' dir='ltr'><strong>consedisse</strong></span> <span class='ocrx_word' id='word_1_188' title='bbox 324 2535 455 2617; x_wconf 76' lang='lat' dir='ltr'><strong>indeque</strong></span> <span class='ocrx_word' id='word_1_189' title='bbox 469 2557 539 2598; x_wconf 86' lang='lat' dir='ltr'><strong>uere</strong></span> <span class='ocrx_word' id='word_1_190' title='bbox 560 2559 587 2598; x_wconf 85' lang='grc'><strong>6.</strong></span> <span class='ocrx_word' id='word_1_191' title='bbox 604 2537 664 2599; x_wconf 82' lang='grc'><strong>583</strong></span> <span class='ocrx_word' id='word_1_192' title='bbox 687 2557 754 2598; x_wconf 89' lang='lat' dir='ltr'><strong>curn</strong></span> <span class='ocrx_word' id='word_1_193' title='bbox 776 2537 882 2598; x_wconf 89' lang='lat' dir='ltr'><strong>iisdem</strong></span> <span class='ocrx_word' id='word_1_194' title='bbox 901 2537 1048 2598; x_wconf 82' lang='lat' dir='ltr'><strong>militibus</strong></span> <span class='ocrx_word' id='word_1_195' title='bbox 1070 2547 1100 2598; x_wconf 90' lang='lat' dir='ltr'><strong>ct</strong></span> <span class='ocrx_word' id='word_1_196' title='bbox 1113 2539 1265 2600; x_wconf 86' lang='lat' dir='ltr'><strong>iuventute</strong></span> <span class='ocrx_word' id='word_1_197' title='bbox 1279 2541 1461 2606; x_wconf 88' lang='lat' dir='ltr'><strong>Boeotorum</strong></span> 
     </span>
     <span class='ocr_line' id='line_1_20' title="bbox 127 2637 1462 2724; baseline 0.006 -25"><span class='ocrx_word' id='word_1_198' title='bbox 127 2637 299 2700; x_wconf 84' lang='lat' dir='ltr'><strong>Haliartum</strong></span> <span class='ocrx_word' id='word_1_199' title='bbox 327 2648 531 2722; x_wconf 78' lang='lat' dir='ltr'><strong>oppugnatum</strong></span> <span class='ocrx_word' id='word_1_200' title='bbox 558 2641 724 2719; x_wconf 86' lang='lat' dir='ltr'><strong>proiectum</strong></span> <span class='ocrx_word' id='word_1_201' title='bbox 752 2657 820 2700; x_wconf 89' lang='lat' dir='ltr'><strong>esse</strong></span> <span class='ocrx_word' id='word_1_202' title='bbox 847 2639 888 2716; x_wconf 90' lang='lat' dir='ltr'><strong>(c.</strong></span> <span class='ocrx_word' id='word_1_203' title='bbox 912 2640 961 2712; x_wconf 86' lang='grc'><strong>37,</strong></span> <span class='ocrx_word' id='word_1_204' title='bbox 993 2641 1019 2699; x_wconf 92' lang='lat' dir='ltr'><strong>l.</strong></span> <span class='ocrx_word' id='word_1_205' title='bbox 1048 2659 1074 2702; x_wconf 87' lang='lat' dir='ltr'><strong>o.</strong></span> <span class='ocrx_word' id='word_1_206' title='bbox 1098 2641 1148 2713; x_wconf 88' lang='grc'><strong>47,</strong></span> <span class='ocrx_word' id='word_1_207' title='bbox 1174 2641 1221 2703; x_wconf 91' lang='grc'><strong>12.</strong></span> <span class='ocrx_word' id='word_1_208' title='bbox 1252 2663 1278 2704; x_wconf 91' lang='lat' dir='ltr'><strong>c.</strong></span> <span class='ocrx_word' id='word_1_209' title='bbox 1301 2645 1351 2718; x_wconf 84' lang='grc'><strong>66,</strong></span> <span class='ocrx_word' id='word_1_210' title='bbox 1375 2646 1405 2706; x_wconf 87' lang='grc'><strong>3.</strong></span> <span class='ocrx_word' id='word_1_211' title='bbox 1426 2648 1462 2724; x_wconf 90' lang='grc'>4)</span> 
     </span>
     <span class='ocr_line' id='line_1_21' title="bbox 130 2742 1464 2823; baseline 0.006 -22"><span class='ocrx_word' id='word_1_212' title='bbox 130 2742 243 2820; x_wconf 92' lang='lat' dir='ltr'><strong>oppida</strong></span> <span class='ocrx_word' id='word_1_213' title='bbox 267 2750 365 2804; x_wconf 88' lang='lat' dir='ltr'><strong>autem</strong></span> <span class='ocrx_word' id='word_1_214' title='bbox 392 2763 470 2821; x_wconf 90' lang='lat' dir='ltr'><strong>quae</strong></span> <span class='ocrx_word' id='word_1_215' title='bbox 496 2762 562 2803; x_wconf 92' lang='lat' dir='ltr'><strong>oum</strong></span> <span class='ocrx_word' id='word_1_216' title='bbox 590 2761 660 2820; x_wconf 84' lang='lat' dir='ltr'><strong>rega</strong></span> <span class='ocrx_word' id='word_1_217' title='bbox 687 2751 803 2802; x_wconf 87' lang='lat' dir='ltr'><strong>starent</strong></span> <span class='ocrx_word' id='word_1_218' title='bbox 821 2742 1003 2820; x_wconf 86' lang='lat' dir='ltr'><strong>praesidium</strong></span> <span class='ocrx_word' id='word_1_219' title='bbox 1032 2743 1070 2802; x_wconf 93' lang='lat' dir='ltr'><strong>ab</strong></span> <span class='ocrx_word' id='word_1_220' title='bbox 1097 2762 1133 2802; x_wconf 89' lang='lat' dir='ltr'><strong>eo</strong></span> <span class='ocrx_word' id='word_1_221' title='bbox 1157 2745 1357 2823; x_wconf 81' lang='lat' dir='ltr'><strong>expetivisse,</strong></span> <span class='ocrx_word' id='word_1_222' title='bbox 1383 2755 1417 2809; x_wconf 87' lang='lat' dir='ltr'><strong>ut</strong></span> <span class='ocrx_word' id='word_1_223' title='bbox 1444 2765 1464 2809; x_wconf 86' lang='grc'><strong>6</strong></span> 
     </span>
     <span class='ocr_line' id='line_1_22' title="bbox 130 2841 1463 2928; baseline 0.005 -24"><span class='ocrx_word' id='word_1_224' title='bbox 130 2841 286 2904; x_wconf 83' lang='lat' dir='ltr'><strong>Thebanis</strong></span> <span class='ocrx_word' id='word_1_225' title='bbox 309 2863 342 2906; x_wconf 90' lang='lat' dir='ltr'><strong>se</strong></span> <span class='ocrx_word' id='word_1_226' title='bbox 362 2845 575 2906; x_wconf 80' lang='lat' dir='ltr'><strong>defenderent?</strong></span> <span class='ocrx_word' id='word_1_227' title='bbox 608 2843 694 2920; x_wconf 83' lang='lat' dir='ltr'><strong>Quae</strong></span> <span class='ocrx_word' id='word_1_228' title='bbox 716 2853 750 2904; x_wconf 93' lang='lat' dir='ltr'><strong>ut</strong></span> <span class='ocrx_word' id='word_1_229' title='bbox 770 2843 876 2904; x_wconf 86' lang='lat' dir='ltr'><strong>Liuius</strong></span> <span class='ocrx_word' id='word_1_230' title='bbox 898 2864 938 2903; x_wconf 89' lang='lat' dir='ltr'><strong>ex</strong></span> <span class='ocrx_word' id='word_1_231' title='bbox 953 2844 1082 2922; x_wconf 87' lang='lat' dir='ltr'><strong>Polybio</strong></span> <span class='ocrx_word' id='word_1_232' title='bbox 1104 2847 1240 2924; x_wconf 85' lang='lat' dir='ltr'><strong>sumpsit,</strong></span> <span class='ocrx_word' id='word_1_233' title='bbox 1262 2848 1304 2908; x_wconf 86' lang='lat' dir='ltr'><strong>ita</strong></span> <span class='ocrx_word' id='word_1_234' title='bbox 1324 2868 1365 2908; x_wconf 89' lang='lat' dir='ltr'><strong>ex</strong></span> <span class='ocrx_word' id='word_1_235' title='bbox 1385 2851 1463 2928; x_wconf 88' lang='lat' dir='ltr'><strong>ipsis</strong></span> 
     </span>
     <span class='ocr_line' id='line_1_23' title="bbox 129 2945 1463 3027; baseline 0.005 -21"><span class='ocrx_word' id='word_1_236' title='bbox 129 2946 309 3024; x_wconf 82' lang='lat' dir='ltr'><strong>Polybianis</strong></span> <span class='ocrx_word' id='word_1_237' title='bbox 323 2966 402 3026; x_wconf 87' lang='lat' dir='ltr'><strong>quae</strong></span> <span class='ocrx_word' id='word_1_238' title='bbox 417 2957 581 3027; x_wconf 88' lang='lat' dir='ltr'><strong>supersunt</strong></span> <span class='ocrx_word' id='word_1_239' title='bbox 600 2945 665 3022; x_wconf 88' lang='grc'><strong>(27,</strong></span> <span class='ocrx_word' id='word_1_240' title='bbox 684 2946 715 3023; x_wconf 91' lang='grc'><strong>1)</strong></span> <span class='ocrx_word' id='word_1_241' title='bbox 737 2955 885 3022; x_wconf 88' lang='lat' dir='ltr'><strong>quatenus</strong></span> <span class='ocrx_word' id='word_1_242' title='bbox 905 2946 1082 3023; x_wconf 80' lang='lat' dir='ltr'><strong>perueniunt</strong></span> <span class='ocrx_word' id='word_1_243' title='bbox 1102 2947 1206 3008; x_wconf 88' lang='lat' dir='ltr'><strong>eadem</strong></span> <span class='ocrx_word' id='word_1_244' title='bbox 1220 2950 1353 3010; x_wconf 84' lang='lat' dir='ltr'><strong>releruut</strong></span> <span class='ocrx_word' id='word_1_245' title='bbox 1371 2953 1463 3014; x_wconf 87' lang='lat' dir='ltr'><strong>etiam</strong></span> 
     </span>
    </p>
   </div>
   <div class='ocr_carea' id='block_1_3' title="bbox 128 3046 1564 3129">
    <p class='ocr_par' dir='ltr' id='par_1_3' title="bbox 128 3046 1564 3129">
     <span class='ocr_line' id='line_1_24' title="bbox 128 3046 1564 3129; baseline 0.003 -19"><span class='ocrx_word' id='word_1_246' title='bbox 128 3048 311 3110; x_wconf 88' lang='lat' dir='ltr'><strong>luculentius</strong></span> <span class='ocrx_word' id='word_1_247' title='bbox 342 3059 372 3110; x_wconf 90' lang='lat' dir='ltr'><strong>et</strong></span> <span class='ocrx_word' id='word_1_248' title='bbox 396 3050 533 3129; x_wconf 70' lang='lat' dir='ltr'><strong>grauium</strong></span> <span class='ocrx_word' id='word_1_249' title='bbox 558 3049 675 3127; x_wconf 81' lang='lat' dir='ltr'><strong>legatos</strong></span> <span class='ocrx_word' id='word_1_250' title='bbox 704 3047 731 3107; x_wconf 89' lang='lat' dir='ltr'><strong>is</strong></span> <span class='ocrx_word' id='word_1_251' title='bbox 759 3047 802 3106; x_wconf 91' lang='lat' dir='ltr'><strong>ait</strong></span> <span class='ocrx_word' id='word_1_252' title='bbox 825 3066 845 3105; x_wconf 93' lang='grc'><strong>6</strong></span> <span class='ocrx_word' id='word_1_253' title='bbox 864 3046 1018 3107; x_wconf 84' lang='lat' dir='ltr'><strong>Thebanis</strong></span> <span class='ocrx_word' id='word_1_254' title='bbox 1040 3048 1150 3108; x_wconf 91' lang='lat' dir='ltr'><strong>missos</strong></span> <span class='ocrx_word' id='word_1_255' title='bbox 1176 3067 1257 3123; x_wconf 91' lang='lat' dir='ltr'><strong>essa,</strong></span> <span class='ocrx_word' id='word_1_256' title='bbox 1284 3053 1338 3128; x_wconf 92' lang='lat' dir='ltr'><strong>qui</strong></span> <span class='ocrx_word' id='word_1_257' title='bbox 1358 3055 1463 3116; x_wconf 91' lang='lat' dir='ltr'><strong>urbem</strong></span> <span class='ocrx_word' id='word_1_258' title='bbox 1562 3047 1564 3057; x_wconf 44' lang='lat'><em>¹</em></span> 
     </span>
    </p>
   </div>
   <div class='ocr_carea' id='block_1_4' title="bbox 128 3147 1464 3637">
    <p class='ocr_par' dir='ltr' id='par_1_4' title="bbox 128 3147 1464 3637">
     <span class='ocr_line' id='line_1_25' title="bbox 128 3147 1464 3229; baseline 0.003 -18"><span class='ocrx_word' id='word_1_259' title='bbox 128 3150 280 3211; x_wconf 85' lang='lat' dir='ltr'><strong>Romanis</strong></span> <span class='ocrx_word' id='word_1_260' title='bbox 301 3153 507 3229; x_wconf 87' lang='lat' dir='ltr'><strong>permitterent</strong></span> <span class='ocrx_word' id='word_1_261' title='bbox 531 3151 697 3228; x_wconf 88' lang='lat' dir='ltr'><strong>exulesque</strong></span> <span class='ocrx_word' id='word_1_262' title='bbox 724 3150 910 3208; x_wconf 88' lang='lat' dir='ltr'><strong>reducerent.</strong></span> <span class='ocrx_word' id='word_1_263' title='bbox 953 3147 1047 3208; x_wconf 91' lang='lat' dir='ltr'><strong>lidem</strong></span> <span class='ocrx_word' id='word_1_264' title='bbox 1070 3148 1208 3211; x_wconf 89' lang='lat' dir='ltr'><strong>Thebani</strong></span> <span class='ocrx_word' id='word_1_265' title='bbox 1235 3152 1381 3214; x_wconf 84' lang='lat' dir='ltr'><strong>adversus</strong></span> <span class='ocrx_word' id='word_1_266' title='bbox 1404 3155 1464 3217; x_wconf 89' lang='lat' dir='ltr'><strong>Co·</strong></span> 
     </span>
     <span class='ocr_line' id='line_1_26' title="bbox 128 3248 1463 3332; baseline 0.004 -20"><span class='ocrx_word' id='word_1_267' title='bbox 128 3271 261 3314; x_wconf 81' lang='lat' dir='ltr'><strong>ronaeos</strong></span> <span class='ocrx_word' id='word_1_268' title='bbox 289 3251 325 3314; x_wconf 89' lang='lat' dir='ltr'><strong>C.</strong></span> <span class='ocrx_word' id='word_1_269' title='bbox 350 3253 501 3314; x_wconf 87' lang='lat' dir='ltr'><strong>Licinium</strong></span> <span class='ocrx_word' id='word_1_270' title='bbox 528 3273 567 3313; x_wconf 88' lang='lat' dir='ltr'><strong>ex</strong></span> <span class='ocrx_word' id='word_1_271' title='bbox 594 3252 752 3312; x_wconf 87' lang='lat' dir='ltr'><strong>Thessalis</strong></span> <span class='ocrx_word' id='word_1_272' title='bbox 778 3249 1001 3311; x_wconf 84' lang='lat' dir='ltr'><strong>arcessiuerunt</strong></span> <span class='ocrx_word' id='word_1_273' title='bbox 1027 3248 1109 3327; x_wconf 78' lang='lat' dir='ltr'><strong>(Lis.</strong></span> <span class='ocrx_word' id='word_1_274' title='bbox 1138 3249 1188 3326; x_wconf 86' lang='lat'><strong>42,</strong></span> <span class='ocrx_word' id='word_1_275' title='bbox 1217 3252 1267 3326; x_wconf 87' lang='grc'><strong>67,</strong></span> <span class='ocrx_word' id='word_1_276' title='bbox 1299 3253 1361 3332; x_wconf 88' lang='grc'>12).</span> <span class='ocrx_word' id='word_1_277' title='bbox 1404 3255 1463 3318; x_wconf 85' lang='grc' dir='ltr'><strong>Ηί6</strong></span> 
     </span>
     <span class='ocr_line' id='line_1_27' title="bbox 129 3349 1464 3435; baseline 0.004 -22"><span class='ocrx_word' id='word_1_278' title='bbox 129 3355 273 3415; x_wconf 90' lang='lat' dir='ltr'><strong>omnibus</strong></span> <span class='ocrx_word' id='word_1_279' title='bbox 299 3373 366 3415; x_wconf 86' lang='lat' dir='ltr'><strong>curu</strong></span> <span class='ocrx_word' id='word_1_280' title='bbox 392 3356 560 3435; x_wconf 80' lang='lat' dir='ltr'><strong>refragetur</strong></span> <span class='ocrx_word' id='word_1_281' title='bbox 585 3353 667 3432; x_wconf 88' lang='lat' dir='ltr'><strong>quod</strong></span> <span class='ocrx_word' id='word_1_282' title='bbox 693 3369 786 3432; x_wconf 89' lang='lat' dir='ltr'><strong>supra</strong></span> <span class='ocrx_word' id='word_1_283' title='bbox 809 3351 978 3411; x_wconf 87' lang='lat' dir='ltr'><strong>rettulimus</strong></span> <span class='ocrx_word' id='word_1_284' title='bbox 1001 3349 1035 3412; x_wconf 90' lang='lat' dir='ltr'><strong>C.</strong></span> <span class='ocrx_word' id='word_1_285' title='bbox 1056 3351 1230 3415; x_wconf 85' lang='lat' dir='ltr'><strong>Lucretium</strong></span> <span class='ocrx_word' id='word_1_286' title='bbox 1254 3359 1390 3417; x_wconf 89' lang='lat' dir='ltr'><strong>exercitu</strong></span> <span class='ocrx_word' id='word_1_287' title='bbox 1410 3357 1464 3418; x_wconf 91' lang='lat' dir='ltr'><strong>ad·</strong></span> 
     </span>
     <span class='ocr_line' id='line_1_28' title="bbox 129 3453 1463 3541; baseline 0.002 -25"><span class='ocrx_word' id='word_1_288' title='bbox 129 3456 223 3516; x_wconf 92' lang='lat' dir='ltr'><strong>ducto</strong></span> <span class='ocrx_word' id='word_1_289' title='bbox 244 3456 368 3518; x_wconf 90' lang='lat' dir='ltr'><strong>Thebas</strong></span> <span class='ocrx_word' id='word_1_290' title='bbox 389 3458 538 3536; x_wconf 88' lang='lat' dir='ltr'><strong>recepisse</strong></span> <span class='ocrx_word' id='word_1_291' title='bbox 565 3465 596 3517; x_wconf 90' lang='lat' dir='ltr'><strong>et</strong></span> <span class='ocrx_word' id='word_1_292' title='bbox 616 3454 757 3515; x_wconf 88' lang='lat' dir='ltr'><strong>exulibus</strong></span> <span class='ocrx_word' id='word_1_293' title='bbox 785 3455 888 3514; x_wconf 85' lang='lat' dir='ltr'><strong>urbem</strong></span> <span class='ocrx_word' id='word_1_294' title='bbox 910 3453 1085 3527; x_wconf 87' lang='lat' dir='ltr'><strong>tradidisse,</strong></span> <span class='ocrx_word' id='word_1_295' title='bbox 1110 3473 1210 3517; x_wconf 87' lang='lat' dir='ltr'><strong>nonne</strong></span> <span class='ocrx_word' id='word_1_296' title='bbox 1234 3467 1318 3535; x_wconf 87' lang='lat' dir='ltr'><strong>petet</strong></span> <span class='ocrx_word' id='word_1_297' title='bbox 1343 3460 1392 3519; x_wconf 90' lang='lat' dir='ltr'><strong>hic</strong></span> <span class='ocrx_word' id='word_1_298' title='bbox 1413 3461 1463 3541; x_wconf 79' lang='lat' dir='ltr'><strong>agi</strong></span> 
     </span>
     <span class='ocr_line' id='line_1_29' title="bbox 130 3554 1464 3637; baseline 0.002 -18"><span class='ocrx_word' id='word_1_299' title='bbox 130 3577 194 3619; x_wconf 90' lang='lat' dir='ltr'><strong>non</strong></span> <span class='ocrx_word' id='word_1_300' title='bbox 216 3559 349 3637; x_wconf 90' lang='lat' dir='ltr'><strong>deipsis</strong></span> <span class='ocrx_word' id='word_1_301' title='bbox 371 3559 495 3631; x_wconf 89' lang='lat' dir='ltr'><strong>Thebis,</strong></span> <span class='ocrx_word' id='word_1_302' title='bbox 518 3559 570 3619; x_wconf 90' lang='lat' dir='ltr'><strong>sed</strong></span> <span class='ocrx_word' id='word_1_303' title='bbox 592 3559 629 3618; x_wconf 88' lang='lat' dir='ltr'><strong>de</strong></span> <span class='ocrx_word' id='word_1_304' title='bbox 647 3555 868 3617; x_wconf 88' lang='lat' dir='ltr'><strong>Pseudothebis</strong></span> <span class='ocrx_word' id='word_1_305' title='bbox 888 3554 1007 3631; x_wconf 90' lang='lat' dir='ltr'><strong>iisdem,</strong></span> <span class='ocrx_word' id='word_1_306' title='bbox 1029 3573 1107 3634; x_wconf 90' lang='lat' dir='ltr'><strong>quas</strong></span> <span class='ocrx_word' id='word_1_307' title='bbox 1129 3574 1223 3636; x_wconf 89' lang='lat' dir='ltr'><strong>supra</strong></span> <span class='ocrx_word' id='word_1_308' title='bbox 1242 3558 1372 3622; x_wconf 85' lang='lat' dir='ltr'><strong>vidimus</strong></span> <span class='ocrx_word' id='word_1_309' title='bbox 1393 3580 1464 3622; x_wconf 94' lang='lat' dir='ltr'><strong>con·</strong></span> 
     </span>
    </p>
   </div>
   <div class='ocr_carea' id='block_1_5' title="bbox 129 3657 1572 3738">
    <p class='ocr_par' dir='ltr' id='par_1_5' title="bbox 129 3657 1572 3738">
     <span class='ocr_line' id='line_1_30' title="bbox 129 3657 1572 3738; baseline 0.002 -17"><span class='ocrx_word' id='word_1_310' title='bbox 129 3661 217 3738; x_wconf 84' lang='lat' dir='ltr'><strong>iungi</strong></span> <span class='ocrx_word' id='word_1_311' title='bbox 238 3679 306 3720; x_wconf 90' lang='lat' dir='ltr'><strong>cum</strong></span> <span class='ocrx_word' id='word_1_312' title='bbox 327 3658 468 3721; x_wconf 90' lang='lat' dir='ltr'><strong>Coronea</strong></span> <span class='ocrx_word' id='word_1_313' title='bbox 489 3669 519 3720; x_wconf 88' lang='lat' dir='ltr'><strong>et</strong></span> <span class='ocrx_word' id='word_1_314' title='bbox 539 3659 694 3732; x_wconf 86' lang='lat' dir='ltr'><strong>Haliarbo,</strong></span> <span class='ocrx_word' id='word_1_315' title='bbox 721 3677 799 3737; x_wconf 90' lang='lat' dir='ltr'><strong>quaa</strong></span> <span class='ocrx_word' id='word_1_316' title='bbox 820 3657 943 3718; x_wconf 89' lang='lat' dir='ltr'><strong>Thebae</strong></span> <span class='ocrx_word' id='word_1_317' title='bbox 967 3677 1039 3718; x_wconf 80' lang='lat' dir='ltr'><strong>vere</strong></span> <span class='ocrx_word' id='word_1_318' title='bbox 1063 3669 1133 3719; x_wconf 90' lang='lat' dir='ltr'><strong>sunt</strong></span> <span class='ocrx_word' id='word_1_319' title='bbox 1153 3658 1305 3722; x_wconf 78' lang='lat' dir='ltr'><strong>Thisbes?</strong></span> <span class='ocrx_word' id='word_1_320' title='bbox 1338 3663 1465 3724; x_wconf 82' lang='lat' dir='ltr'><strong>Accedit</strong></span> <span class='ocrx_word' id='word_1_321' title='bbox 1568 3683 1572 3692; x_wconf 94' lang='lat'>·</span> 
     </span>
    </p>
   </div>
   <div class='ocr_carea' id='block_1_6' title="bbox 130 3760 1469 5372">
    <p class='ocr_par' dir='ltr' id='par_1_6' title="bbox 130 3760 1469 5047">
     <span class='ocr_line' id='line_1_31' title="bbox 130 3760 1465 3840; baseline 0.002 -18"><span class='ocrx_word' id='word_1_322' title='bbox 130 3761 226 3822; x_wconf 89' lang='lat' dir='ltr'><strong>aliud.</strong></span> <span class='ocrx_word' id='word_1_323' title='bbox 265 3760 302 3823; x_wconf 90' lang='lat' dir='ltr'><strong>C.</strong></span> <span class='ocrx_word' id='word_1_324' title='bbox 328 3761 502 3824; x_wconf 88' lang='lat' dir='ltr'><strong>Lucretium</strong></span> <span class='ocrx_word' id='word_1_325' title='bbox 528 3781 595 3822; x_wconf 90' lang='lat' dir='ltr'><strong>cum</strong></span> <span class='ocrx_word' id='word_1_326' title='bbox 622 3781 662 3822; x_wconf 87' lang='lat' dir='ltr'><strong>ex</strong></span> <span class='ocrx_word' id='word_1_327' title='bbox 688 3761 808 3822; x_wconf 85' lang='lat' dir='ltr'><strong>decreto</strong></span> <span class='ocrx_word' id='word_1_328' title='bbox 829 3780 924 3840; x_wconf 90' lang='lat' dir='ltr'><strong>nuper</strong></span> <span class='ocrx_word' id='word_1_329' title='bbox 948 3769 1068 3840; x_wconf 90' lang='lat' dir='ltr'><strong>reperto</strong></span> <span class='ocrx_word' id='word_1_330' title='bbox 1089 3771 1206 3823; x_wconf 90' lang='lat' dir='ltr'><strong>constet</strong></span> <span class='ocrx_word' id='word_1_331' title='bbox 1225 3765 1390 3825; x_wconf 85' lang='lat' dir='ltr'><strong>exercitum</strong></span> <span class='ocrx_word' id='word_1_332' title='bbox 1412 3767 1465 3826; x_wconf 90' lang='lat' dir='ltr'><strong>ad·</strong></span> 
     </span>
     <span class='ocr_line' id='line_1_32' title="bbox 130 3863 1466 3942; baseline 0.001 -18"><span class='ocrx_word' id='word_1_333' title='bbox 130 3863 256 3924; x_wconf 87' lang='lat' dir='ltr'><strong>duxisse</strong></span> <span class='ocrx_word' id='word_1_334' title='bbox 283 3864 430 3936; x_wconf 87' lang='lat' dir='ltr'><strong>Thisbes,</strong></span> <span class='ocrx_word' id='word_1_335' title='bbox 463 3884 500 3924; x_wconf 92' lang='lat' dir='ltr'><strong>ea</strong></span> <span class='ocrx_word' id='word_1_336' title='bbox 524 3863 677 3942; x_wconf 91' lang='lat' dir='ltr'><strong>expeditio</strong></span> <span class='ocrx_word' id='word_1_337' title='bbox 703 3871 773 3924; x_wconf 91' lang='lat' dir='ltr'><strong>ante</strong></span> <span class='ocrx_word' id='word_1_338' title='bbox 798 3863 928 3924; x_wconf 88' lang='lat' dir='ltr'><strong>Haliarti</strong></span> <span class='ocrx_word' id='word_1_339' title='bbox 954 3865 1208 3942; x_wconf 81' lang='lat' dir='ltr'><strong>oppugnationem</strong></span> <span class='ocrx_word' id='word_1_340' title='bbox 1234 3865 1377 3928; x_wconf 88' lang='lat' dir='ltr'><strong>collocari</strong></span> <span class='ocrx_word' id='word_1_341' title='bbox 1404 3885 1466 3928; x_wconf 90' lang='lat' dir='ltr'><strong>non</strong></span> 
     </span>
     <span class='ocr_line' id='line_1_33' title="bbox 131 3963 1465 4046; baseline 0.002 -21"><span class='ocrx_word' id='word_1_342' title='bbox 131 3975 248 4044; x_wconf 88' lang='lat' dir='ltr'><strong>potest;</strong></span> <span class='ocrx_word' id='word_1_343' title='bbox 270 3984 340 4026; x_wconf 90' lang='lat' dir='ltr'><strong>nam</strong></span> <span class='ocrx_word' id='word_1_344' title='bbox 360 3982 541 4043; x_wconf 90' lang='lat' dir='ltr'><strong>quemquam</strong></span> <span class='ocrx_word' id='word_1_345' title='bbox 563 3985 583 4025; x_wconf 91' lang='grc'><strong>6</strong></span> <span class='ocrx_word' id='word_1_346' title='bbox 604 3963 720 4026; x_wconf 81' lang='lat' dir='ltr'><strong>Creusa</strong></span> <span class='ocrx_word' id='word_1_347' title='bbox 741 3964 913 4026; x_wconf 86' lang='lat' dir='ltr'><strong>Haliartum</strong></span> <span class='ocrx_word' id='word_1_348' title='bbox 933 3965 1130 4043; x_wconf 83' lang='lat' dir='ltr'><strong>proficiscens</strong></span> <span class='ocrx_word' id='word_1_349' title='bbox 1153 3966 1285 4029; x_wconf 83' lang='lat' dir='ltr'><strong>Thisbes</strong></span> <span class='ocrx_word' id='word_1_350' title='bbox 1307 3968 1390 4028; x_wconf 87' lang='lat' dir='ltr'><strong>adire</strong></span> <span class='ocrx_word' id='word_1_351' title='bbox 1411 3987 1465 4046; x_wconf 88' lang='lat' dir='ltr'><strong>po·</strong></span> 
     </span>
     <span class='ocr_line' id='line_1_34' title="bbox 130 4066 1466 4145; baseline 0.001 -17"><span class='ocrx_word' id='word_1_352' title='bbox 130 4069 201 4142; x_wconf 90' lang='lat' dir='ltr'><strong>tuit,</strong></span> <span class='ocrx_word' id='word_1_353' title='bbox 227 4066 374 4129; x_wconf 81' lang='lat' dir='ltr'><strong>Creusam</strong></span> <span class='ocrx_word' id='word_1_354' title='bbox 394 4067 548 4144; x_wconf 86' lang='lat' dir='ltr'><strong>proiectus</strong></span> <span class='ocrx_word' id='word_1_355' title='bbox 569 4085 636 4127; x_wconf 93' lang='lat' dir='ltr'><strong>cum</strong></span> <span class='ocrx_word' id='word_1_356' title='bbox 658 4086 720 4126; x_wconf 90' lang='lat' dir='ltr'><strong>una</strong></span> <span class='ocrx_word' id='word_1_357' title='bbox 744 4068 857 4126; x_wconf 87' lang='lat' dir='ltr'><strong>triremi</strong></span> <span class='ocrx_word' id='word_1_358' title='bbox 883 4067 1046 4126; x_wconf 84' lang='lat' dir='ltr'><strong>exereitum</strong></span> <span class='ocrx_word' id='word_1_359' title='bbox 1069 4086 1104 4127; x_wconf 92' lang='lat' dir='ltr'><strong>eo</strong></span> <span class='ocrx_word' id='word_1_360' title='bbox 1125 4076 1260 4145; x_wconf 89' lang='lat' dir='ltr'><strong>tempore</strong></span> <span class='ocrx_word' id='word_1_361' title='bbox 1281 4088 1383 4130; x_wconf 89' lang='lat' dir='ltr'><strong>secam</strong></span> <span class='ocrx_word' id='word_1_362' title='bbox 1404 4089 1466 4130; x_wconf 93' lang='lat' dir='ltr'><strong>non</strong></span> 
     </span>
     <span class='ocr_line' id='line_1_35' title="bbox 132 4167 1466 4246; baseline -0.001 -15"><span class='ocrx_word' id='word_1_363' title='bbox 132 4171 249 4231; x_wconf 92' lang='lat' dir='ltr'><strong>habuit.</strong></span> <span class='ocrx_word' id='word_1_364' title='bbox 285 4170 445 4230; x_wconf 81' lang='lat' dir='ltr'><strong>Exercitus</strong></span> <span class='ocrx_word' id='word_1_365' title='bbox 461 4167 603 4229; x_wconf 85' lang='lat' dir='ltr'><strong>Chalcide</strong></span> <span class='ocrx_word' id='word_1_366' title='bbox 624 4169 782 4245; x_wconf 88' lang='lat' dir='ltr'><strong>expositus</strong></span> <span class='ocrx_word' id='word_1_367' title='bbox 797 4169 936 4246; x_wconf 91' lang='lat' dir='ltr'><strong>primum,</strong></span> <span class='ocrx_word' id='word_1_368' title='bbox 958 4176 992 4226; x_wconf 93' lang='lat' dir='ltr'><strong>ut</strong></span> <span class='ocrx_word' id='word_1_369' title='bbox 1012 4187 1068 4245; x_wconf 86' lang='lat' dir='ltr'><strong>per</strong></span> <span class='ocrx_word' id='word_1_370' title='bbox 1088 4176 1143 4240; x_wconf 90' lang='lat' dir='ltr'><strong>est,</strong></span> <span class='ocrx_word' id='word_1_371' title='bbox 1166 4167 1337 4230; x_wconf 90' lang='lat' dir='ltr'><strong>Haliartum</strong></span> <span class='ocrx_word' id='word_1_372' title='bbox 1359 4169 1466 4230; x_wconf 90' lang='lat' dir='ltr'><strong>ductus</strong></span> 
     </span>
     <span class='ocr_line' id='line_1_36' title="bbox 131 4267 1467 4351; baseline -0.001 -18"><span class='ocrx_word' id='word_1_373' title='bbox 131 4282 191 4346; x_wconf 89' lang='lat' dir='ltr'><strong>est,</strong></span> <span class='ocrx_word' id='word_1_374' title='bbox 213 4291 276 4351; x_wconf 92' lang='lat' dir='ltr'><strong>qua</strong></span> <span class='ocrx_word' id='word_1_375' title='bbox 296 4279 470 4351; x_wconf 80' lang='lat' dir='ltr'><strong>expugnata</strong></span> <span class='ocrx_word' id='word_1_376' title='bbox 490 4288 558 4332; x_wconf 91' lang='lat' dir='ltr'><strong>cum</strong></span> <span class='ocrx_word' id='word_1_377' title='bbox 573 4268 748 4330; x_wconf 86' lang='lat' dir='ltr'><strong>Coronaeus</strong></span> <span class='ocrx_word' id='word_1_378' title='bbox 770 4269 888 4329; x_wconf 91' lang='lat' dir='ltr'><strong>iuterim</strong></span> <span class='ocrx_word' id='word_1_379' title='bbox 914 4269 1020 4328; x_wconf 93' lang='lat' dir='ltr'><strong>consul</strong></span> <span class='ocrx_word' id='word_1_380' title='bbox 1041 4269 1077 4327; x_wconf 92' lang='lat' dir='ltr'><strong>P.</strong></span> <span class='ocrx_word' id='word_1_381' title='bbox 1091 4267 1228 4328; x_wconf 88' lang='lat' dir='ltr'><strong>Licinius</strong></span> <span class='ocrx_word' id='word_1_382' title='bbox 1250 4289 1289 4330; x_wconf 85' lang='lat' dir='ltr'><strong>ex</strong></span> <span class='ocrx_word' id='word_1_383' title='bbox 1303 4271 1467 4331; x_wconf 88' lang='lat' dir='ltr'><strong>Thessalia</strong></span> 
     </span>
     <span class='ocr_line' id='line_1_37' title="bbox 132 4369 1465 4452; baseline -0.005 -16"><span class='ocrx_word' id='word_1_384' title='bbox 132 4374 259 4436; x_wconf 83' lang='lat' dir='ltr'><strong>veniens</strong></span> <span class='ocrx_word' id='word_1_385' title='bbox 281 4391 443 4452; x_wconf 81' lang='lat' dir='ltr'><strong>aggressus</strong></span> <span class='ocrx_word' id='word_1_386' title='bbox 464 4379 546 4433; x_wconf 88' lang='lat' dir='ltr'><strong>esset</strong></span> <span class='ocrx_word' id='word_1_387' title='bbox 567 4371 649 4450; x_wconf 84' lang='lat' dir='ltr'><strong>(Liv.</strong></span> <span class='ocrx_word' id='word_1_388' title='bbox 665 4371 714 4444; x_wconf 83' lang='lat'><strong>42,</strong></span> <span class='ocrx_word' id='word_1_389' title='bbox 738 4370 787 4443; x_wconf 89' lang='grc'><strong>67,</strong></span> <span class='ocrx_word' id='word_1_390' title='bbox 813 4370 860 4430; x_wconf 91' lang='grc'><strong>12.</strong></span> <span class='ocrx_word' id='word_1_391' title='bbox 882 4369 933 4444; x_wconf 86' lang='grc'>43,</span> <span class='ocrx_word' id='word_1_392' title='bbox 956 4370 1000 4448; x_wconf 88' lang='grc'>4),</span> <span class='ocrx_word' id='word_1_393' title='bbox 1023 4369 1098 4428; x_wconf 89' lang='lat' dir='ltr'><strong>nihil</strong></span> <span class='ocrx_word' id='word_1_394' title='bbox 1119 4377 1275 4447; x_wconf 88' lang='lat' dir='ltr'><strong>supererat</strong></span> <span class='ocrx_word' id='word_1_395' title='bbox 1295 4371 1355 4432; x_wconf 89' lang='lat' dir='ltr'><strong>nisi</strong></span> <span class='ocrx_word' id='word_1_396' title='bbox 1375 4389 1465 4448; x_wconf 90' lang='lat' dir='ltr'><strong>expe-</strong></span> 
     </span>
     <span class='ocr_line' id='line_1_38' title="bbox 132 4453 1467 4552; baseline -0.001 -16"><span class='ocrx_word' id='word_1_397' title='bbox 132 4477 211 4537; x_wconf 92' lang='lat' dir='ltr'><strong>ditio</strong></span> <span class='ocrx_word' id='word_1_398' title='bbox 227 4453 376 4536; x_wconf 43' lang='lat' dir='ltr'><strong>&#39;aduersus</strong></span> <span class='ocrx_word' id='word_1_399' title='bbox 391 4474 570 4535; x_wconf 85' lang='lat' dir='ltr'><strong>Thisbaeos.</strong></span> <span class='ocrx_word' id='word_1_400' title='bbox 603 4473 652 4533; x_wconf 91' lang='lat' dir='ltr'><strong>Ita</strong></span> <span class='ocrx_word' id='word_1_401' title='bbox 672 4473 714 4534; x_wconf 89' lang='lat' dir='ltr'><strong>sic</strong></span> <span class='ocrx_word' id='word_1_402' title='bbox 734 4491 855 4552; x_wconf 90' lang='lat' dir='ltr'><strong>quoque</strong></span> <span class='ocrx_word' id='word_1_403' title='bbox 876 4471 1068 4534; x_wconf 84' lang='lat' dir='ltr'><strong>confirmatur</strong></span> <span class='ocrx_word' id='word_1_404' title='bbox 1084 4490 1161 4550; x_wconf 85' lang='lat' dir='ltr'><strong>quae</strong></span> <span class='ocrx_word' id='word_1_405' title='bbox 1182 4473 1231 4532; x_wconf 88' lang='lat' dir='ltr'><strong>hic</strong></span> <span class='ocrx_word' id='word_1_406' title='bbox 1251 4471 1467 4551; x_wconf 78' lang='lat' dir='ltr'><strong>apudLivium</strong></span> 
     </span>
     <span class='ocr_line' id='line_1_39' title="bbox 133 4572 1467 4654; baseline -0.001 -16"><span class='ocrx_word' id='word_1_407' title='bbox 133 4579 173 4640; x_wconf 91' lang='lat' dir='ltr'><strong>de</strong></span> <span class='ocrx_word' id='word_1_408' title='bbox 195 4577 309 4637; x_wconf 91' lang='lat' dir='ltr'><strong>Thebis</strong></span> <span class='ocrx_word' id='word_1_409' title='bbox 331 4587 502 4652; x_wconf 87' lang='lat' dir='ltr'><strong>narrantur,</strong></span> <span class='ocrx_word' id='word_1_410' title='bbox 524 4594 561 4636; x_wconf 86' lang='lat' dir='ltr'><strong>ea</strong></span> <span class='ocrx_word' id='word_1_411' title='bbox 581 4575 745 4654; x_wconf 80' lang='lat' dir='ltr'><strong>Polybium</strong></span> <span class='ocrx_word' id='word_1_412' title='bbox 768 4575 805 4635; x_wconf 90' lang='lat' dir='ltr'><strong>de</strong></span> <span class='ocrx_word' id='word_1_413' title='bbox 826 4573 952 4635; x_wconf 91' lang='lat' dir='ltr'><strong>Thisbis</strong></span> <span class='ocrx_word' id='word_1_414' title='bbox 972 4573 1134 4634; x_wconf 87' lang='lat' dir='ltr'><strong>rettulisse.</strong></span> <span class='ocrx_word' id='word_1_415' title='bbox 1155 4599 1198 4619; x_wconf 86' lang='lat'><strong>-·-</strong></span> <span class='ocrx_word' id='word_1_416' title='bbox 1224 4572 1354 4649; x_wconf 81' lang='lat' dir='ltr'><strong>Quando</strong></span> <span class='ocrx_word' id='word_1_417' title='bbox 1376 4592 1467 4651; x_wconf 84' lang='lat' dir='ltr'><strong>expe·</strong></span> 
     </span>
     <span class='ocr_line' id='line_1_40' title="bbox 134 4675 1468 4757; baseline -0.003 -16"><span class='ocrx_word' id='word_1_418' title='bbox 134 4683 210 4742; x_wconf 90' lang='lat' dir='ltr'><strong>ditio</strong></span> <span class='ocrx_word' id='word_1_419' title='bbox 232 4680 378 4740; x_wconf 80' lang='grc'><strong>66666666</strong></span> <span class='ocrx_word' id='word_1_420' title='bbox 400 4678 532 4741; x_wconf 78' lang='lat' dir='ltr'><strong>Thisbes</strong></span> <span class='ocrx_word' id='word_1_421' title='bbox 555 4689 698 4757; x_wconf 86' lang='lat' dir='ltr'><strong>suscepte</strong></span> <span class='ocrx_word' id='word_1_422' title='bbox 719 4677 768 4750; x_wconf 86' lang='lat' dir='ltr'><strong>sit,</strong></span> <span class='ocrx_word' id='word_1_423' title='bbox 796 4685 936 4737; x_wconf 86' lang='lat' dir='ltr'><strong>accurate</strong></span> <span class='ocrx_word' id='word_1_424' title='bbox 957 4675 1074 4736; x_wconf 88' lang='lat' dir='ltr'><strong>deliniri</strong></span> <span class='ocrx_word' id='word_1_425' title='bbox 1099 4693 1161 4735; x_wconf 95' lang='grc'><strong>666</strong></span> <span class='ocrx_word' id='word_1_426' title='bbox 1181 4684 1300 4753; x_wconf 78' lang='lat' dir='ltr'><strong>potest3</strong></span> <span class='ocrx_word' id='word_1_427' title='bbox 1326 4676 1381 4737; x_wconf 88' lang='lat' dir='ltr'><strong>sed</strong></span> <span class='ocrx_word' id='word_1_428' title='bbox 1400 4695 1468 4738; x_wconf 89' lang='lat' dir='ltr'><strong>oum</strong></span> 
     </span>
     <span class='ocr_line' id='line_1_41' title="bbox 132 4777 1469 4858; baseline -0.002 -15"><span class='ocrx_word' id='word_1_429' title='bbox 132 4783 269 4845; x_wconf 88' lang='lat' dir='ltr'><strong>Haliarti</strong></span> <span class='ocrx_word' id='word_1_430' title='bbox 290 4782 408 4843; x_wconf 87' lang='lat' dir='ltr'><strong>obsidio</strong></span> <span class='ocrx_word' id='word_1_431' title='bbox 429 4802 490 4842; x_wconf 90' lang='lat' dir='ltr'><strong>non</strong></span> <span class='ocrx_word' id='word_1_432' title='bbox 510 4780 672 4841; x_wconf 89' lang='lat' dir='ltr'><strong>admodum</strong></span> <span class='ocrx_word' id='word_1_433' title='bbox 694 4781 744 4840; x_wconf 89' lang='lat' dir='ltr'><strong>diu</strong></span> <span class='ocrx_word' id='word_1_434' title='bbox 764 4787 916 4858; x_wconf 84' lang='lat' dir='ltr'><strong>protracte</strong></span> <span class='ocrx_word' id='word_1_435' title='bbox 935 4795 1003 4839; x_wconf 89' lang='lat' dir='ltr'><strong>esse</strong></span> <span class='ocrx_word' id='word_1_436' title='bbox 1024 4777 1162 4839; x_wconf 83' lang='lat' dir='ltr'><strong>videatur</strong></span> <span class='ocrx_word' id='word_1_437' title='bbox 1181 4778 1411 4856; x_wconf 89' lang='lat' dir='ltr'><strong>necquicquam</strong></span> <span class='ocrx_word' id='word_1_438' title='bbox 1431 4797 1469 4840; x_wconf 88' lang='lat' dir='ltr'><strong>eo</strong></span> 
     </span>
     <span class='ocr_line' id='line_1_42' title="bbox 134 4880 1469 4960; baseline -0.004 -13"><span class='ocrx_word' id='word_1_439' title='bbox 134 4887 227 4947; x_wconf 87' lang='lat' dir='ltr'><strong>ducet</strong></span> <span class='ocrx_word' id='word_1_440' title='bbox 257 4883 430 4944; x_wconf 87' lang='lat' dir='ltr'><strong>Lucretium</strong></span> <span class='ocrx_word' id='word_1_441' title='bbox 461 4883 494 4943; x_wconf 92' lang='lat' dir='ltr'><strong>in</strong></span> <span class='ocrx_word' id='word_1_442' title='bbox 524 4883 653 4944; x_wconf 88' lang='lat' dir='ltr'><strong>hiemem</strong></span> <span class='ocrx_word' id='word_1_443' title='bbox 689 4899 785 4960; x_wconf 88' lang='lat' dir='ltr'><strong>usque</strong></span> <span class='ocrx_word' id='word_1_444' title='bbox 816 4881 928 4940; x_wconf 90' lang='lat' dir='ltr'><strong>bellum</strong></span> <span class='ocrx_word' id='word_1_445' title='bbox 949 4880 1187 4956; x_wconf 83' lang='lat' dir='ltr'><strong>continuavisse,</strong></span> <span class='ocrx_word' id='word_1_446' title='bbox 1213 4880 1409 4958; x_wconf 83' lang='lat' dir='ltr'><strong>probabiliter</strong></span> <span class='ocrx_word' id='word_1_447' title='bbox 1429 4881 1469 4942; x_wconf 85' lang='lat' dir='ltr'><strong>ad</strong></span> 
     </span>
     <span class='ocr_line' id='line_1_43' title="bbox 135 4985 619 5047; baseline -0.002 0"><span class='ocrx_word' id='word_1_448' title='bbox 135 4997 313 5047; x_wconf 75' lang='grc'><strong>6666666666</strong></span> <span class='ocrx_word' id='word_1_449' title='bbox 334 5005 362 5045; x_wconf 87' lang='grc'><strong>6.</strong></span> <span class='ocrx_word' id='word_1_450' title='bbox 386 4985 445 5046; x_wconf 79' lang='lat'><strong>583</strong></span> <span class='ocrx_word' id='word_1_451' title='bbox 467 4986 619 5046; x_wconf 82' lang='lat' dir='ltr'><strong>reseretur.</strong></span> 
     </span>
    </p>

    <p class='ocr_par' dir='ltr' id='par_1_7' title="bbox 137 5071 1469 5372">
     <span class='ocr_line' id='line_1_44' title="bbox 220 5071 1469 5166; baseline -0.002 -21"><span class='ocrx_word' id='word_1_452' title='bbox 220 5085 312 5162; x_wconf 82' lang='lat' dir='ltr'><strong>Quod</strong></span> <span class='ocrx_word' id='word_1_453' title='bbox 332 5087 402 5147; x_wconf 89' lang='lat' dir='ltr'><strong>inde</strong></span> <span class='ocrx_word' id='word_1_454' title='bbox 423 5107 443 5147; x_wconf 92' lang='grc'><strong>6</strong></span> <span class='ocrx_word' id='word_1_455' title='bbox 463 5087 611 5166; x_wconf 92' lang='lat' dir='ltr'><strong>principio</strong></span> <span class='ocrx_word' id='word_1_456' title='bbox 632 5086 724 5166; x_wconf 81' lang='lat' dir='ltr'><strong>legati</strong></span> <span class='ocrx_word' id='word_1_457' title='bbox 746 5071 876 5145; x_wconf 83' lang='lat' dir='ltr'><strong>Romani</strong></span> <span class='ocrx_word' id='word_1_458' title='bbox 896 5083 1130 5162; x_wconf 79' lang='lat' dir='ltr'><strong>postulaverant,</strong></span> <span class='ocrx_word' id='word_1_459' title='bbox 1152 5089 1185 5144; x_wconf 89' lang='lat' dir='ltr'><strong>ut</strong></span> <span class='ocrx_word' id='word_1_460' title='bbox 1205 5083 1321 5144; x_wconf 90' lang='lat' dir='ltr'><strong>omisso</strong></span> <span class='ocrx_word' id='word_1_461' title='bbox 1338 5083 1469 5144; x_wconf 90' lang='lat' dir='ltr'><strong>Boeoto·</strong></span> 
     </span>
     <span class='ocr_line' id='line_1_45' title="bbox 137 5183 1468 5267; baseline -0.005 -19"><span class='ocrx_word' id='word_1_462' title='bbox 137 5207 204 5248; x_wconf 89' lang='lat' dir='ltr'><strong>ram</strong></span> <span class='ocrx_word' id='word_1_463' title='bbox 236 5187 366 5249; x_wconf 88' lang='lat' dir='ltr'><strong>concilio</strong></span> <span class='ocrx_word' id='word_1_464' title='bbox 398 5189 653 5267; x_wconf 87' lang='lat' dir='ltr'><strong>Boeotarchisque</strong></span> <span class='ocrx_word' id='word_1_465' title='bbox 685 5205 733 5248; x_wconf 89' lang='lat' dir='ltr'><strong>res</strong></span> <span class='ocrx_word' id='word_1_466' title='bbox 769 5195 948 5247; x_wconf 89' lang='lat' dir='ltr'><strong>tractaretur</strong></span> <span class='ocrx_word' id='word_1_467' title='bbox 982 5186 1061 5247; x_wconf 90' lang='lat' dir='ltr'><strong>iuter</strong></span> <span class='ocrx_word' id='word_1_468' title='bbox 1092 5185 1247 5247; x_wconf 84' lang='lat' dir='ltr'><strong>Romanos</strong></span> <span class='ocrx_word' id='word_1_469' title='bbox 1280 5193 1310 5246; x_wconf 90' lang='lat' dir='ltr'><strong>at</strong></span> <span class='ocrx_word' id='word_1_470' title='bbox 1339 5183 1468 5263; x_wconf 88' lang='lat' dir='ltr'><strong>populos</strong></span> 
     </span>
     <span class='ocr_line' id='line_1_46' title="bbox 138 5285 1468 5372; baseline -0.004 -23"><span class='ocrx_word' id='word_1_471' title='bbox 138 5288 287 5350; x_wconf 86' lang='lat' dir='ltr'><strong>Boeotiae</strong></span> <span class='ocrx_word' id='word_1_472' title='bbox 312 5290 462 5372; x_wconf 77' lang='lat' dir='ltr'><strong>singulos,</strong></span> <span class='ocrx_word' id='word_1_473' title='bbox 488 5292 519 5352; x_wconf 91' lang='lat' dir='ltr'><strong>id</strong></span> <span class='ocrx_word' id='word_1_474' title='bbox 546 5311 613 5352; x_wconf 89' lang='lat' dir='ltr'><strong>oum</strong></span> <span class='ocrx_word' id='word_1_475' title='bbox 641 5289 735 5352; x_wconf 88' lang='lat' dir='ltr'><strong>secuti</strong></span> <span class='ocrx_word' id='word_1_476' title='bbox 755 5296 859 5352; x_wconf 88' lang='lat' dir='ltr'><strong>esseut</strong></span> <span class='ocrx_word' id='word_1_477' title='bbox 883 5290 915 5349; x_wconf 92' lang='lat' dir='ltr'><strong>in</strong></span> <span class='ocrx_word' id='word_1_478' title='bbox 936 5307 1010 5368; x_wconf 91' lang='lat' dir='ltr'><strong>pace</strong></span> <span class='ocrx_word' id='word_1_479' title='bbox 1031 5287 1233 5349; x_wconf 83' lang='lat' dir='ltr'><strong>confirmanda</strong></span> <span class='ocrx_word' id='word_1_480' title='bbox 1259 5304 1327 5347; x_wconf 90' lang='lat' dir='ltr'><strong>cum</strong></span> <span class='ocrx_word' id='word_1_481' title='bbox 1347 5285 1468 5363; x_wconf 90' lang='lat' dir='ltr'><strong>populis</strong></span> 
     </span>
    </p>
   </div>
   <div class='ocr_carea' id='block_1_7' title="bbox 0 0 1806 5962">
    <p class='ocr_par' dir='ltr' id='par_1_8' title="bbox 0 0 1806 5962">
     <span class='ocr_line' id='line_1_47' title="bbox 0 0 1806 5962; baseline 0 0"><span class='ocrx_word' id='word_1_482' title='bbox 0 0 1806 5962; x_wconf 95' lang='lat' dir='ltr'><strong> </strong></span> 
     </span>
    </p>
   </div>
  </div>
 </body>
</html>
