3578 5962
362 643 435 718 246
883 645 1164 703 nmrsnnnseen

363 839 514 900 invenitur
541 842 609 892 ante
642 826 802 906 Elagabali
828 836 945 902 tempus
976 823 1104 900 (Eckhel
1126 822 1165 882 D.
1189 820 1229 881 N.
1257 821 1304 879 111
1329 839 1359 898 p.
1389 822 1474 899 375).
1526 820 1586 884 Sed
1614 833 1682 882 emt

365 945 390 1002 si
410 942 477 1018 quis
497 938 576 995 dicut
595 943 754 1011 propterea
769 927 887 986 titulum
908 935 1044 984 nostrum
1068 943 1161 1000 usque
1184 923 1223 982 ad
1244 923 1320 983 illud
1334 934 1452 1001 tempus
1476 925 1682 984 detrudendum

365 1062 440 1104 esse.
483 1038 563 1097 Num
592 1036 648 1094 hoc
673 1030 851 1090 vocabulum
880 1049 946 1088 cum
975 1029 1005 1086 in
1032 1028 1160 1086 nummis
1187 1045 1248 1085 non
1274 1036 1335 1099 est,
1367 1037 1526 1104 propterea
1555 1045 1616 1087 non
1640 1047 1682 1087 ne.

365 1143 495 1205 cessario
524 1137 672 1213 sequitur,
694 1135 747 1192 illo
773 1145 906 1208 tempore
929 1130 1030 1188 urbem
1058 1147 1093 1187 co
1121 1127 1253 1187 nondum
1274 1129 1440 1205 praeditam
1461 1129 1567 1189 fuisse.
1605 1127 1683 1202 Quod

365 1249 443 1307 alius
467 1243 550 1302 urbis
571 1238 711 1314 exemplo
733 1235 955 1312 comprobatur.
1001 1231 1101 1305 Quum
1124 1231 1255 1289 enimin
1284 1231 1350 1291 basi
1372 1231 1524 1308 statuam)
1546 1231 1683 1290 Hadriani

365 1353 403 1410 ab
427 1342 664 1407 Laodicensibus
687 1338 814 1396 Athenis
841 1336 872 1394 in
900 1334 1062 1412 Olympico
1091 1333 1159 1392 vivo
1187 1333 1341 1392 etiamtum
1367 1334 1549 1409 imperatore
1575 1345 1682 1393 erecta,
1775 1373 1776 1386 ,

366 1453 509 1529 scriplum
536 1447 577 1505 sit
605 1441 620 1513 ἦ
648 1431 730 1499 adias
753 1428 889 1496 Ἰουλιέων
914 1429 970 1492 cciv
997 1426 1045 1492 atti
1067 1424 1226 1492 Λαοδικέων
1251 1429 1320 1516 πρὶς
1340 1425 1523 1512 ἓα>.[α’]τςῃ,
1544 1439 1598 1505 τῆς
1617 1435 1683 1518 {2359

365 1546 413 1614 ucri
429 1541 537 1611 dadano
554 1536 600 1604 nni
617 1534 769 1610 αὐτονόμου
793 1531 1029 1622 ναυαρχίδος,
1052 1538 1109 1597 hoc
1126 1537 1305 1596 vocabulum
1324 1536 1355 1594 in
1371 1538 1500 1596 nummis
1514 1537 1682 1608 Laodiceae,

317 1659 319 1664 .
366 1659 418 1736 qui
439 1657 560 1713 exstant
589 1649 626 1705 ab
649 1643 780 1722 Augusti
802 1651 936 1717 tempore
963 1659 1060 1715 usque
1082 1639 1120 1698 ad
1142 1637 1339 1711 Caracallum,
1360 1658 1508 1715 nusquam
1531 1648 1683 1718 comparet,

365 1761 408 1820 ita
433 1766 466 1815 ut
486 1750 648 1817 Eckhelius
675 1746 720 1805 IV
742 1763 770 1822 p.
792 1745 851 1803 309
875 1763 911 1802 nc
934 1753 1143 1802 commemoret
1164 1741 1284 1819 quidem
1306 1740 1485 1801 Laodiceam
1506 1741 1586 1802 inte,
1607 1743 1684 1800 urb„

365 1856 575 1922 nauarchidas.
612 1852 718 1926 Itaque
740 1847 828 1905 etiam
851 1846 986 1922 Tripolis
1008 1845 1168 1922 quominus
1191 1863 1227 1903 eo
1249 1844 1343 1902 multo
1365 1852 1432 1902 ante
1455 1862 1511 1903 usa
1533 1844 1584 1916 sit,
1606 1864 1683 1922 quam

365 1967 396 2024 in
411 1960 539 2022 nummis
552 1953 715 2022 invenitur,
729 1949 805 2008 nihil
818 1947 951 2024 impedit.
984 1950 1028 2004 At
1041 1947 1072 2003 id
1087 1955 1165 2004 certe
1180 1947 1278 2004 dicere
1292 1945 1404 2016 licebit,
1426 1946 1545 2005 titulum
1562 1947 1684 2006 Atticum

366 2063 564 2140 antiquiorem
584 2072 652 2114 esse
680 2071 740 2110 non
762 2067 853 2126 posse
880 2049 918 2106 iis
945 2049 1144 2126 temporibus,
1170 2047 1279 2124 quibus
1308 2047 1371 2107 eius
1397 2049 1536 2108 vocabuli
1564 2049 1683 2125 primum
1776 2066 1777 2132 Ξ

365 2167 487 2228 omnino
502 2157 659 2236 vestigium
675 2154 813 2214 cernitur.
845 2154 946 2227 Atque
965 2151 1098 2209 omnium
1113 2150 1210 2226 prima
1225 2147 1321 2211 Sidon
1335 2149 1502 2208 Phoenices
1517 2169 1586 2209 eum
1600 2152 1684 2209 hono·

364 2291 427 2330 rem
443 2266 552 2340 adepta
567 2278 633 2319 esse
648 2257 775 2328 videtur,
797 2255 828 2312 in
842 2254 928 2311 cuius
944 2253 1073 2311 nummis
1088 2253 1148 2309 iam
1163 2259 1413 2312 commemoratur
1426 2271 1506 2312 anno
1521 2253 1561 2312 85
1577 2271 1606 2328 p.
1623 2251 1682 2312 Chr.
1776 2263 1777 2296 ὲ

365 2373 530 2448 imperante
552 2359 725 2421 Domitiano
748 2356 879 2432 (Eckhel
899 2355 948 2413 III
970 2375 999 2431 p.
1017 2353 1102 2428 368).
1145 2353 1182 2410 ln
1204 2353 1271 2414 aliis
1294 2354 1465 2414 civitatibus
1488 2355 1526 2413 ab
1548 2353 1684 2414 Hadriani
1776 2381 1777 2394 .

365 2473 533 2553 principatu
547 2461 659 2540 incipit.
681 2459 783 2534 Quare
797 2457 887 2516 ctiam
902 2457 977 2514 haec
991 2473 1038 2514 res
1052 2474 1087 2512 eo
1102 2454 1194 2526 ducit,
1208 2463 1241 2514 ut
1256 2455 1374 2514 titulum
1390 2456 1522 2515 Atticum
1538 2456 1684 2516 Hadriano

365 2595 424 2636 non
447 2567 645 2644 antiquiorem
666 2562 843 2621 iudicemus.
887 2558 936 2616 Ex
961 2557 1055 2616 altera
1075 2566 1160 2633 parte
1180 2558 1261 2633 quod
1283 2565 1352 2616 ante
1373 2569 1489 2636 tempus
1511 2559 1684 2637 compositu,

367 2679 406 2736 sit
426 2670 544 2731 definiri
572 2685 632 2726 non
654 2670 762 2740 potest.
806 2661 871 2718 Iam
893 2660 930 2717 de
952 2659 1084 2718 Aemilio
1106 2658 1200 2718 iunco
1222 2658 1385 2719 videamus.
1430 2658 1531 2733 Quum
1553 2661 1585 2720 in
1606 2661 1684 2720 fitur„

367 2773 555 2852 amplissimo
585 2785 644 2825 non
671 2773 704 2822 ut
734 2763 766 2820 in
792 2761 860 2819 aliis
887 2761 950 2818 eius
979 2763 1088 2821 aetatis
1116 2777 1219 2818 omues
1239 2761 1368 2820 honores
1390 2773 1613 2835 recenseantur,
1639 2763 1684 2822 sed

367 2897 458 2937 unum
480 2869 571 2948 legati
595 2871 672 2944 Aug.
697 2883 751 2941 pro
778 2869 917 2940 praetore
945 2863 1074 2921 osticium
1103 2869 1364 2934 commemoretur,
1392 2883 1428 2922 eo
1454 2865 1521 2942 ipso
1550 2875 1683 2944 tempore,

367 2998 426 3058 quo
447 2979 473 3036 is
495 2976 552 3032 hoc
573 2988 694 3029 munere
715 2965 895 3042 fungebatur
915 2965 1100 3040 compositus
1123 2965 1162 3022 sit
1183 2981 1307 3024 necesse
1328 2971 1384 3023 est.
1425 2967 1520 3043 Atqui
1542 2967 1684 3043 quomodo

366 3085 476 3143 factum
504 3086 549 3136 est
578 3083 611 3131 ut
638 3080 700 3128 tum
723 3068 850 3126 Athenis
876 3067 1053 3144 erigeretur,
1080 3083 1261 3143 quamquam
1282 3085 1379 3142 neque
1404 3069 1442 3127 ab
1463 3068 1684 3128 Atheniensium

366 3185 487 3245 civitate
508 3194 605 3253 neque
627 3172 775 3250 aprivato
791 3167 910 3227 homine
925 3167 1109 3240 Atheniensi,
1133 3169 1187 3227 sed
1208 3188 1227 3226 a
1241 3167 1439 3245 Tripolitanis
1454 3169 1620 3231 Phoenices
1638 3190 1684 3248 po
1777 3141 1778 3212 J

367 3288 442 3348 situs
464 3280 528 3341 est?
560 3279 643 3336 Inter
658 3271 822 3352 permultos
845 3271 922 3328 euim
940 3271 1042 3329 titulos
1057 3270 1235 3328 honorarios
1257 3271 1398 3347 perpauci
1420 3281 1490 3330 sunt
1505 3273 1631 3333 Athenis
1652 3273 1684 3330 ab
1777 3299 1778 3326 ,

367 3389 435 3448 aliis
456 3381 627 3444 civitatibus
649 3375 755 3454 positi,
783 3373 811 3432 si
832 3373 986 3448 exceperis
1008 3380 1122 3430 statuas
1147 3373 1178 3430 in
1201 3369 1347 3430 Hadriani
1368 3373 1512 3433 honorem
1533 3375 1566 3434 in
1589 3375 1684 3452 Olym·

367 3493 434 3569 pieo
457 3487 494 3545 ab
517 3497 553 3544 eo
575 3479 731 3540 aedificato
753 3475 878 3552 positas,
902 3491 977 3548 quas
1000 3474 1057 3532 huc
1079 3492 1136 3530 non
1153 3473 1301 3551 pertinere
1323 3473 1513 3534 manifestum
1536 3485 1592 3537 est.
1624 3477 1685 3536 Pri·

366 3603 502 3652 vatorum
524 3586 615 3661 igitur
631 3581 706 3638 duas
730 3576 876 3636 eiusmodi
897 3575 1106 3652 inscriptiones
1122 3575 1202 3648 nori,
1222 3571 1289 3652 Ἐψ.
1305 3571 1376 3657 dag.
1395 3577 1474 3636 3363
1497 3577 1683 3656 aGythestis

367 3697 398 3754 in
419 3693 565 3750 honorem
586 3683 634 3742 Ti.
656 3679 778 3739 Claudii
795 3677 888 3736 Attici
909 3676 1048 3754 positam,
1070 3687 1100 3735 et
1119 3673 1186 3754 Ἐφ.
1202 3672 1275 3759 ἅρχ.
1299 3679 1378 3738 3765
1401 3678 1443 3752 (v.
1460 3698 1553 3756 supra
1573 3700 1601 3757 p.
1619 3682 1683 3754 151)

366 3795 418 3854 ubi
444 3804 597 3850 commune
626 3781 827 3841 Phocensium
853 3779 1050 3838 Locrensium
1075 3778 1270 3838 Doriensium
1291 3779 1495 3840 Euboensium
1522 3801 1559 3842 eo
1581 3783 1685 3842 honore

368 3895 459 3955 aflicit
480 3891 520 3950 Μ.
541 3885 662 3945 Iunium
685 3881 822 3943 Silanum
846 3901 900 3958 pro
927 3889 1093 3957 quaestore.
1139 3878 1275 3954 Quorum
1297 3883 1502 3958 exemplorum
1526 3885 1609 3962 prius
1629 3903 1684 3942 ma·

366 3995 475 4056 niiesto
503 3989 571 4049 inde
597 3983 806 4062 explicandum
833 3994 893 4056 est,
921 3983 1002 4060 quod
1023 3984 1142 4041 Atticus
1169 3983 1236 4056 ille,
1263 3981 1397 4044 Herodis
1420 3985 1513 4044 Attici
1539 3995 1632 4064 pater,
1657 3995 1684 4043 et

366 4097 481 4176 origine
496 4087 688 4151 Atheniensis
710 4095 775 4144 erat
795 4096 825 4144 et
845 4087 974 4144 Athenis
996 4103 1136 4163 magnam
1151 4095 1266 4161 partem
1287 4086 1366 4143 vitae
1388 4087 1524 4164 degebat.
1557 4089 1683 4147 Alterum

366 4208 465 4262 autern
485 4215 521 4254 eo
544 4191 680 4269 pertinet,
705 4187 785 4266 quod
807 4186 926 4248 Silanus
950 4189 1156 4267 magistratum
1177 4195 1302 4265 propter
1322 4206 1408 4264 quem
1429 4189 1543 4248 honore
1565 4189 1685 4250 aflicitur

366 4304 399 4365 in
421 4297 551 4362 Graecia
577 4301 713 4371 gesserat
736 4292 862 4366 ideoque
889 4289 1033 4362 Athenis,
1061 4290 1093 4348 in
1118 4289 1310 4348 celeberrima
1335 4297 1424 4366 atque
1451 4291 1684 4368 splendidissima

367 4403 515 4466 Graeciae
535 4398 608 4456 urbe
631 4401 730 4455 statua
751 4393 882 4469 erigitur.
927 4393 1027 4466 Atque
1049 4391 1123 4461 haec
1143 4391 1221 4450 ratio
1243 4391 1329 4450 unica
1351 4403 1408 4464 est,
1439 4411 1516 4470 quae
1538 4394 1568 4453 in
1589 4391 1683 4452 Aemi·

366 4507 440 4566 lium
462 4504 587 4561 iuncum
613 4495 756 4573 quadret;
785 4495 886 4569 itaque
911 4512 978 4551 eum
1006 4501 1166 4570 propterea
1188 4493 1315 4552 Athenis
1337 4503 1388 4552 aut
1409 4502 1489 4554 certe
1510 4495 1542 4554 in
1564 4493 1682 4555 Graecia

367 4625 488 4665 munere
516 4601 608 4678 legati
630 4601 765 4658 sunctum
791 4615 858 4655 esse
885 4596 1047 4673 putandum
1074 4609 1128 4654 est.
1172 4593 1232 4656 Sed
1260 4595 1332 4672 quid
1357 4595 1458 4673 legato
1480 4597 1609 4674 Augusti
1631 4613 1682 4674 pro

368 4714 505 4785 praetore
528 4722 594 4762 eum
616 4701 733 4759 Achaia
753 4699 909 4776 provincia
930 4697 1100 4755 senatoria?
1133 4695 1182 4756 Ne
1208 4698 1238 4755 id
1264 4697 1383 4772 quidem
1405 4697 1529 4758 difficile
1550 4709 1594 4757 est
1612 4697 1683 4755 diiu-

368 4809 476 4866 dicata.
513 4803 587 4862 inde
610 4803 647 4860 ab
663 4801 789 4860 Traiani
810 4800 888 4860 enim
910 4799 1095 4874 temporibus
1118 4798 1149 4857 in
1171 4800 1342 4874 provincias
1365 4801 1594 4875 proconsulares
1613 4817 1681 4858 uon·

366 4909 465 4970 nahas
487 4907 564 4965 mitti
591 4903 728 4962 solebant
755 4904 792 4962 ab
819 4901 1049 4979 imperatoribus
1074 4899 1168 4977 legati
1188 4919 1244 4977 pro
1264 4909 1402 4977 praetore
1425 4901 1464 4960 ad
1485 4901 1680 4980 corrigendum

365 5101 569 5113 b—-a—

441 5228 465 5290 ¹)
488 5227 634 5278 Ediderunt
652 5225 752 5276 titulum
772 5225 936 5291 Rhasopulos
954 5218 1018 5296 Ἐχ.
1039 5217 1104 5296 ἆρχ.
1122 5241 1177 5293 περ.
1200 5217 1276 5291 arip.
1300 5227 1342 5278 to.
1382 5227 1414 5278 U.
1434 5229 1540 5278 llenzen
1559 5223 1677 5278 Bullctinc

366 5316 425 5374 dell'
445 5321 565 5372 Instituto
586 5319 656 5372 1862
677 5335 701 5384 p.
725 5318 784 5380 135,
824 5319 984 5368 Kumsuudis
1005 5313 1137 5388 Φιλίστωρ
1157 5319 1193 5369 II.
1213 5335 1238 5383 p.
1259 5318 1321 5368 432.
