3582 5956
363 581 437 656 208
539 641 540 644 .
913 596 1141 659 uaaovnunr

360 779 444 854 pieta
466 795 484 834 u
505 773 541 834 C.
556 774 629 834 Keil
650 770 757 833 Sched.
773 772 867 849 epigr.
891 789 919 846 p.
936 768 989 829 42:
1011 761 1194 828 Γα.’1ου’λιον
1209 763 1415 854 Σπαρτιατικόν
1430 761 1667 854 ἐρχιερὲαθεῂῧν)

362 869 518 938 σεβαστνῗν
543 866 606 952 u[ui
631 866 743 953 γέ]νους
765 865 916 937 σεβοςινῖν
938 869 969 930 ἐκ
990 875 1043 930 τοῦ
1062 874 1156 929 κοινοῦ
1176 870 1254 948 viic)
1274 863 1404 950 Ἀχαΐας
1425 867 1475 932 διὰ
1496 865 1562 938 iiico
1582 877 1670 956 πρῶτον

348 979 417 1035 τοῖν
438 972 487 1035 ἀπ’
510 976 609 1039 αἰῶνος
629 975 643 1035 ὅ
665 971 753 1061 lapario
774 968 950 1034 Hosstboivcc
969 964 1138 1057 Ἐρεχθὲως
1158 964 1306 1051 Γαιηὸχου
1329 978 1374 1033 Τι.
1396 969 1542 1034 Κλαύδιος
1556 967 1670 1050 erolum·

362 1071 443 1155 orec)
459 1073 611 1139 ssatavrstic
631 1074 678 1136 riv
699 1077 803 1136 ἑαυτοῦ
823 1068 916 1153 φιλον.
953 1075 1073 1134 Titulus
1089 1077 1216 1135 Athenis
1237 1079 1355 1152 positus
1376 1086 1424 1136 esi
1446 1085 1477 1135 et
1490 1076 1581 1136 Iulius
1595 1074 1669 1152 Spar·
1758 1127 1759 1150 ,

363 1181 481 1240 tistitus
504 1181 671 1259 appellatur
693 1173 844 1263 ἆρχιεριῦς
864 1197 926 1238 non
946 1179 998 1234 τοῦ
1018 1179 1111 1234 κοινοῦ
1130 1179 1184 1238 sed
1206 1177 1237 1234 ἐκ
1257 1180 1311 1235 τοῦ
1330 1181 1433 1246 κοινοῦ,
1456 1187 1490 1238 ut
1504 1178 1579 1238 credi
1593 1179 1670 1256 potsii
1758 1189 1759 1228 ἲ

361 1282 489 1342 Athenis
512 1282 711 1342 sacerdotium
733 1279 886 1352 habuisse,
908 1299 975 1338 nam
992 1278 1119 1338 Athenis
1142 1298 1262 1356 quoque
1278 1279 1334 1338 fuit
1350 1269 1452 1346 lionis
1466 1281 1523 1338 τοῖν
1537 1273 1670 1344 rellania

363 1383 456 1461 (Eph.
478 1385 571 1444 Arch.
594 1405 624 1443 ιι.
640 1383 737 1459 4001)
759 1393 789 1442 et
809 1375 961 1466 ἆρχιεριὸς
981 1381 1037 1438 τῶν
1058 1373 1216 1444 aslianna
1236 1380 1291 1456 (ib.
1314 1401 1343 1440 ιι.
1360 1381 1453 1442 2569.
1469 1381 1572 1460 3363).

450 1485 498 1544 17.
543 1485 590 1545 De
613 1489 835 1544 Asrarrcsnvu
856 1499 1096 1543 rnovrnornnvu
1123 1484 1342 1556 communibus,
1369 1500 1462 1559 qnae,
1491 1486 1560 1560 quia
1585 1485 1670 1544 iisdem

362 1587 425 1646 fere
445 1587 564 1662 legibus
586 1588 755 1656 utebantur,
778 1585 959 1646 coniunctim
981 1584 1102 1644 tractari
1117 1593 1253 1662 possunt,
1274 1585 1407 1662 plurima
1421 1595 1544 1645 exstant
1557 1597 1584 1648 et
1596 1588 1671 1663 scrip·

362 1691 461 1746 torum
484 1695 514 1748 et
534 1687 767 1764 inscriptionum.
782 1697 812 1746 et
833 1707 1019 1746 nummorum
1041 1687 1221 1758 testimonia,
1244 1705 1372 1762 quorum
1394 1687 1556 1746 maximam
1576 1695 1670 1764 purten

364 1794 394 1846 et
420 1789 485 1866 ipse
513 1790 601 1848 attuli
624 1790 654 1849 in
675 1798 734 1848 aut.
757 1789 845 1847 Rom.
869 1787 1044 1865 compendio
1058 1789 1150 1861 111,1
1175 1809 1204 1866 p.
1222 1787 1356 1864 267sqq.
1384 1798 1415 1846 et
1434 1799 1544 1866 postea
1563 1789 1669 1864 explica·

363 1899 472 1948 verunt
486 1890 581 1950 Kuhn
602 1891 621 1948 l.
638 1890 658 1949 l.
683 1892 698 1949 1
722 1909 751 1968 p.
770 1890 827 1948 107
837 1907 903 1976 sqq.
928 1889 1132 1966 Weddiugton
1153 1889 1184 1946 in
1202 1888 1301 1948 Lebas
1325 1890 1439 1966 Voyape
1454 1891 1574 1950 arabici.
1594 1891 1670 1950 Inscr.

364 1990 401 2050 T.
422 1990 472 2049 Ill
498 2011 528 2051 n.
546 1992 622 2064 885,
651 2011 744 2069 quare
769 2012 807 2050 ea
831 1991 933 2050 omnia
959 1991 1009 2051 hic
1034 1999 1168 2068 repetere
1195 2009 1255 2050 nou
1281 2009 1406 2078 necesse
1431 2003 1491 2053 est.
1533 1991 1671 2052 Dubitatur

364 2091 534 2152 etiamnunc
561 2093 598 2153 de
625 2113 685 2153 nno
712 2093 765 2152 illo
795 2093 966 2169 provinciae
994 2092 1057 2152 sive
1085 2092 1240 2152 sacerdote
1269 2093 1333 2152 sive
1362 2090 1557 2175 magistratui,
1580 2095 1623 2171 qui
1642 2096 1670 2152 ab

364 2193 432 2270 ipsa
452 2195 607 2272 provincia
628 2213 735 2253 nomen
758 2195 849 2255 habet
870 2194 1098 2271 appellaturque

403 2285 580 2378 Ἀοιοίρχης,
603 2297 720 2373 dequo
742 2295 822 2355 infra
841 2313 976 2374 agemus.

337 2420 339 2424 ⁴
405 2388 609 2480 Βιθυνιάρχης
631 2397 850 2475 (Waddington
870 2417 901 2456 ιι.
919 2396 1008 2456 1142.
1027 2397 1120 2469 1178;
1143 2395 1280 2473 Dig.27,
1299 2397 1472 2474 1,6§14).
1509 2397 1670 2458 Commemo-

487 2506 571 2558 ratur
592 2499 681 2557 etiam
703 2499 734 2556 in
756 2499 970 2559 constitutione
985 2497 1188 2558 Valentiniani
1203 2506 1233 2558 et
1247 2498 1384 2558 Valentis
1399 2499 1591 2575 (364-367)
1610 2499 1671 2577 spui

486 2600 625 2659 Harduin
652 2599 729 2658 Acta
753 2600 853 2660 coacti
877 2600 895 2658 2
922 2619 951 2676 p.
968 2599 1028 2659 569
1052 2623 1090 2650 =·
1113 2598 1230 2659 Haenel
1252 2599 1343 2678 Gorp.
1366 2601 1423 2678 leg.
1448 2620 1480 2678 p.
1496 2601 1563 2662 220.
1605 2601 1669 2659 lden

488 2701 604 2760 videtur
631 2719 699 2762 esse
725 2703 777 2778 qui
806 2701 915 2760 dicitur
941 2687 1038 2783 ἄρξας
1063 2701 1116 2757 τοῦ
1139 2703 1234 2759 κοινοῦ
1258 2703 1313 2758 τοῖν
1339 2699 1366 2758 ἒν
1392 2696 1535 2778 Βειθυνῖᾳ
1556 2695 1670 2772 ‘massan

489 2800 570 2876 apud
590 2800 699 2860 Perrot
723 2801 919 2879 Exploratus
940 2819 969 2878 p.
986 2801 1025 2860 32
1047 2821 1076 2860 ιι.
1093 2801 1132 2860 22
1154 2827 1191 2852 --
1212 2803 1403 2863 Mordtmann
1423 2801 1498 2864 Ber.
1526 2807 1574 2863 der
1596 2806 1670 2880 boyer

490 2900 583 2960 Acori.
602 2901 692 2974 1863,
718 2905 732 2962 1
756 2923 785 2980 p.
802 2902 887 2978 228).

408 2992 581 3086 Ποντοὶρχης
603 3002 692 3081 (0.1.
710 3001 764 3064 Gr.
786 3023 815 3063 u.
831 3004 911 3064 4157
919 3025 928 3076 ;
950 3005 1153 3082 weddington
1175 3026 1204 3065 ιι.
1224 3005 1327 3083 1178).

405 3095 604 3186 Γιιλιιτάρχης
626 3101 713 3180 (0.1.
731 3103 785 3166 Gr.
808 3103 838 3165 n.
854 3107 937 3166 4014
958 3106 1049 3166 4016.
1073 3107 1164 3166 4031.
1187 3107 1279 3167 4075.
1303 3109 1384 3167 4076
1407 3110 1445 3169 ci.
1472 3110 1573 3187 4039).

408 3197 672 3289 Καππαδοκᾶρχης
693 3205 780 3286 (Dig.
803 3207 854 3280 27,
873 3210 900 3281 1,
917 3208 934 3268 6
958 3207 975 3284 ξ
993 3209 1055 3284 14).

406 3296 644 3391 Παμφυλιᾶρχης
666 3307 794 3383 (Annali
811 3307 890 3369 1852
913 3329 942 3386 p.
960 3309 1018 3368 179
1035 3333 1072 3360 τ-
1089 3309 1295 3387 Wsddinglon
1315 3330 1344 3370 n.
1363 3310 1472 3390 1224).

406 3398 576 3490 Λυκιᾶρχης
597 3405 646 3484 (0.
662 3409 687 3468 I.
706 3409 759 3470 Gr.
783 3431 812 3470 ιι.
829 3409 920 3470 4198.
937 3409 1049 3486 4274);
1071 3399 1165 3493 ἄρξας
1186 3415 1238 3469 τοῦ
1259 3404 1367 3471 Λυκίων
1387 3405 1497 3476 ἔθνους
1518 3414 1671 3492 (Waddinp

487 3515 540 3566 ton
561 3527 590 3567 n.
609 3509 719 3586 1219);
741 3503 938 3594 Ανκιαρχικὸς
959 3510 1178 3588 (Waddington
1199 3533 1228 3571 ιι.
1248 3511 1351 3591 1224).

405 3597 587 3690 Κιλικάρχηι
609 3610 717 3685 (Bevus
737 3613 966 3690 Numismutique
983 3611 1062 3672 1854
1084 3634 1113 3690 p.
1131 3614 1185 3686 933
1208 3613 1410 3694 Waddington
1432 3637 1462 3676 n.
1482 3617 1581 3693 1480).

406 3698 573 3792 Συριάρχιι
595 3709 686 3785 (Ood.
702 3712 759 3771 Th.
780 3711 809 3789 6,
825 3715 853 3788 3,
872 3718 898 3774 1.
923 3714 971 3788 15,
988 3714 1017 3788 9,
1033 3714 1066 3788 23
1089 3712 1165 3774 cod.
1180 3715 1254 3775 Iust.
1274 3719 1301 3789 1,
1316 3717 1365 3778 36.
1390 3720 1419 3791 5,
1434 3717 1474 3778 27
1498 3730 1528 3779 et
1547 3717 1669 3794 saepius).

490 3807 528 3868 V.
551 3809 698 3888 Borghesi
724 3814 891 3890 Oeuores4,
909 3816 977 3875 144.

408 3899 597 3992 Φοινικοῖρχηο
619 3911 708 3988 (coe.
731 3913 807 3976 Iust.
829 3918 858 3990 5,
881 3915 980 3990 27,1;
1007 3919 1111 3978 lustin.
1134 3919 1214 3978 Nou.
1238 3919 1374 3998 89,15).
1419 3923 1591 3998 [Decretum
1617 3938 1670 3996 pro·

489 4011 606 4070 vinciae
626 4014 794 4076 Phoenices
814 4018 908 4078 habes
929 4019 1088 4095 111,167.]

365 4109 415 4168 Ex
442 4127 502 4186 quo
529 4113 627 4175 indice
653 4127 791 4195 apparet,
818 4136 922 4180 omnes
944 4121 1037 4180 Asiae
1065 4123 1236 4198 provincias
1258 4124 1402 4184 habuisse
1428 4143 1501 4184 suos
1523 4123 1669 4184 sacerdotes

364 4207 527 4282 ἐπωνύμους
547 4224 666 4292 praeter
680 4217 826 4297 Cyprum,
848 4223 906 4284 nisi
926 4222 1004 4281 forte
1026 4241 1098 4282 casu
1120 4224 1237 4298 accidit,
1259 4234 1292 4284 ut
1313 4225 1350 4285 de
1365 4224 1550 4304 Cypriarcha
1563 4222 1627 4284 nihil
1640 4220 1671 4278 sit

363 4316 523 4390 proditum.
563 4317 644 4378 Nam
665 4315 755 4380 κοινὸν
776 4325 830 4382 τῶν
852 4316 982 4406 Κυπρίων
1004 4324 1086 4384 etin
1108 4327 1238 4386 nummis
1261 4327 1411 4387 iuvenitur
1433 4327 1561 4404 (Eckbel
1573 4327 1599 4396 4,
1610 4319 1668 4394 429)

366 4425 395 4474 et
423 4416 454 4475 in
476 4417 565 4478 inser.
588 4422 669 4499 apud
691 4423 896 4500 Waddington
922 4445 951 4484 n.
969 4424 1065 4499 2734,
1095 4427 1166 4486 item
1187 4423 1341 4512 ἀρχιερεύς
1361 4431 1411 4499 τῆς
1433 4420 1518 4500 νηόον
1540 4421 1668 4487 c.1.Gr.

365 4535 393 4573 n.
410 4515 501 4578 2633.
539 4518 700 4594 Quaeritur
714 4543 796 4599 vero,
819 4533 918 4585 utrum
940 4527 972 4586 hi
994 4546 1071 4604 quos
1093 4530 1227 4588 recensui
1249 4513 1420 4590 sacerdotes
1441 4530 1530 4591 iidem
1550 4521 1668 4599 sutori

366 4617 557 4692 appellantur
578 4617 722 4709 ἀρχιερεῖς
741 4627 792 4696 τῆς
811 4619 913 4689 Ἀσίας
939 4627 989 4704 (O.
1008 4630 1034 4688 I.
1052 4628 1105 4690 Gr.
1128 4649 1158 4690 n.
1175 4629 1265 4690 2777.
1282 4631 1373 4692 2782.
1395 4632 1476 4692 3960
1497 4639 1527 4691 et
1547 4623 1668 4703 saepiaris

245 4739 250 4746 ·
365 4707 510 4801 ἆρχιεριῒς
534 4723 586 4778 τοῦ
611 4727 706 4783 κοινοῦ
724 4728 780 4784 τῶν
800 4731 940 4787 Γαλατῶν
966 4729 1058 4805 ((1.1.
1075 4729 1130 4790 Gr.
1153 4752 1182 4790 ιι.
1198 4731 1290 4791 4016.
1311 4733 1409 4805 4031,
1438 4733 1534 4793 Iulian
1558 4749 1600 4806 ep.
1618 4723 1669 4800 49),

364 4811 508 4902 ὄρχιερεῒς
534 4823 587 4879 τοῦ
606 4817 712 4884 Πόντου
736 4825 786 4905 (G.
802 4829 826 4889 I.
844 4828 897 4890 Gr.
920 4852 950 4891 ιι.
966 4832 1078 4909 4149),
1104 4833 1154 4902 τῆς
1174 4825 1281 4895 Aoniae
1302 4827 1539 4918 ἀρχιεριιοᾶμενοι
1559 4833 1608 4888 τοῖν
1625 4825 1668 4885 Σε-

364 4909 488 4980 βαπνῖν
510 4921 606 4998 (Ball.
625 4925 702 4986 1843
725 4948 755 5005 p.
774 4929 843 5004 138,
865 4931 902 4990 cf.
925 4932 1034 4993 Wadd.
1056 4953 1085 4993 n.
1104 4931 1208 5011 1266),
1230 4953 1269 4994 an
1292 4935 1402 4996 diversi
1424 4937 1461 4997 sb
1481 4933 1541 4994 illis
1560 4923 1666 4990 habendi

366 5019 435 5079 sint.
478 5019 561 5080 Illud
587 5025 652 5103 ipsa
677 5027 749 5088 olim
774 5033 950 5108 probavisse
977 5034 1051 5093 mihi
1069 5034 1185 5108 videor,
1216 5037 1370 5114 secutique
1392 5047 1462 5097 sunt
1482 5035 1570 5095 Kuhn
1587 5031 1604 5088 l.
1617 5027 1663 5085 ll

364 5139 395 5196 P·
413 5121 486 5195 1⁰73
509 5121 634 5186 Henzen
654 5130 768 5190 Annali
785 5131 865 5193 1863
887 5154 917 5211 p.
933 5133 992 5194 285
998 5157 1007 5209 ;
1029 5136 1092 5196 hoc*
1107 5135 1304 5196 detonderunt
1323 5147 1394 5214 post
1406 5136 1579 5197 Eckhelinru
1591 5125 1666 5188 uat-

365 5219 490 5302 ‹iington
515 5224 578 5330 131.
603 5246 632 5287 n.
650 5229 725 5304 8853
751 5232 860 5295 Perrot
887 5237 924 5297 de
946 5235 1071 5298 Galatia
1094 5255 1180 5316 prov.
1208 5258 1239 5318 p.
1257 5240 1315 5300 150
1327 5255 1399 5316 sqq.
1436 5238 1473 5298 In
1496 5239 1549 5297 hac
1569 5233 1664 5292 dissen-
