3582 5956
608 623 775 677 9999999
794 625 1035 682 consvusnm.
1411 617 1481 689 189

240 795 331 852 Auno
347 793 386 853 69
409 812 469 871 999
492 796 583 855 modo
604 816 624 856 9
644 798 772 877 singulis
793 799 1021 876 imperatoribus
1043 802 1195 864 distributi
1217 805 1277 864 sint
1298 808 1483 881 consulatus,

153 893 193 953 de
219 913 256 954 ea
280 915 313 954 re
340 905 370 954 et
390 915 501 976 magua
520 898 598 957 inter
618 899 700 959 viros
722 898 826 960 doctos
847 900 995 963 dissensio
1016 901 1103 982 estl)
1129 914 1159 965 et
1179 907 1321 968 iudicium
1343 909 1482 970 difficilli-

154 1014 247 1055 mum.
291 994 391 1070 Quare
416 1016 484 1059 cum
512 999 593 1077 quod
618 1001 707 1078 plane
732 1003 918 1063 satisfaceret
942 1024 979 1064 ne
999 1007 1072 1065 mihi
1093 1008 1211 1085 quidem
1233 1011 1390 1071 enucleare
1412 1030 1481 1071 con·

153 1097 283 1174 tigisset,
306 1100 444 1160 consului
463 1101 690 1175 Mommsenum,
712 1104 765 1180 qui
787 1122 864 1180 quae
885 1124 940 1182 pro
962 1125 1019 1167 sua
1040 1116 1070 1167 et
1090 1109 1273 1172 humanitate
1294 1121 1325 1171 et
1346 1112 1482 1173 doctrina

154 1199 229 1258 mihi
249 1201 415 1280 rescripsit,
437 1191 565 1263 subieci:

152 1335 158 1343 ·
238 1299 293 1360 ‘De
314 1303 489 1364 consulibus
510 1323 538 1363 a.
555 1304 593 1365 69
615 1306 754 1384 quaestio
774 1307 936 1368 admodum
956 1312 1103 1388 perplexa
1123 1313 1203 1372 haud
1225 1315 1288 1375 scio
1307 1334 1344 1375 an
1360 1315 1481 1375 omnino

153 1402 199 1460 ita
220 1403 297 1462 solvi
319 1413 456 1482 nequeat,
477 1414 510 1464 ut
531 1407 678 1468 dubitatio
701 1407 783 1467 uulla
804 1411 949 1487 supersit;
972 1431 1048 1490 quae
1069 1433 1137 1474 mea
1150 1415 1208 1475 lert
1221 1416 1332 1494 opinio,
1351 1418 1412 1477 iam
1427 1436 1481 1478 ex·

153 1520 275 1580 ponam.

238 1603 413 1680 Neronem,
440 1608 491 1687 qni
518 1611 593 1670 obiit
619 1630 646 1670 a
663 1610 702 1672 68
724 1611 772 1672 die
794 1612 861 1672 Iun.
878 1613 911 1686 9,
939 1616 1077 1676 99999199
1103 1635 1163 1676 999
1190 1617 1285 1677 solnm
1313 1619 1481 1679 ordinarios

153 1706 209 1764 sed
235 1708 326 1767 etiam
353 1709 495 1769 suffectos
521 1712 585 1771 sive
606 1712 638 1772 in
659 1723 754 1772 totum
776 1733 885 1774 aunum
908 1727 1081 1792 sequentem
1102 1719 1167 1778 sive
1189 1719 1229 1777 ad
1249 1719 1328 1780 diem
1349 1721 1482 1798 aliquam

152 1808 363 1887 designarisse
390 1810 541 1889 colligitur
567 1832 607 1872 ex
633 1815 803 1874 narratione
825 1815 978 1877 Plutarchi
1001 1818 1072 1878 Oth.
1091 1821 1105 1877 1
1130 1825 1160 1878 et
1181 1819 1278 1880 Taciti
1300 1821 1481 1894 19191.1,79.

153 1906 321 1969 Consulum
349 1912 392 1972 ita
416 1931 435 1972 a
456 1911 578 1973 Nerone
599 1915 745 1976 laetorum
766 1917 905 1977 novimus
926 1938 1019 1978 uuum
1040 1919 1152 1994 solum,
1175 1919 1354 1999 Cingonium
1370 1923 1483 1982 Varro-

152 2029 222 2068 nem
248 2011 334 2073 iussu
356 2012 473 2074 Galbae
499 2015 687 2076 interfectum
715 2017 868 2077 consulem
894 2018 1080 2098 designatum
1108 2040 1135 2079 a.
1158 2021 1196 2081 68
1224 2031 1359 2082 extremo
1388 2024 1480 2099 (Tae.

154 2111 224 2170 hist.
242 2113 304 2186 1,6
326 2115 363 2174 ci.
380 2115 435 2188 373
457 2116 611 2176 Plutarch.
632 2116 871 2196 Galb.14.15);
893 2129 1049 2197 praeterea
1062 2119 1191 2182 Galbam
1213 2124 1372 2184 retinuisse
1394 2143 1482 2202 quos·

153 2213 224 2272 dam
246 2232 266 2272 a
285 2213 408 2276 Nerone
429 2217 525 2277 199199
549 2219 686 2292 traditur,
708 2220 829 2279 nomina
850 2239 909 2279 non
931 2222 1097 2281 traduntur.

235 2311 347 2375 ‘Galba
375 2318 448 2393 quid
479 2319 644 2379 decreverit
670 2320 708 2380 de
735 2320 911 2382 consulibus
940 2340 960 2380 a
987 2322 1109 2383 Nerone
1135 2325 1167 2384 in
1196 2343 1223 2382 a.
1246 2325 1285 2385 69
1316 2326 1482 2404 designatis

153 2433 269 2492 quosve
293 2418 433 2478 consules
458 2419 525 2498 ipse
551 2421 767 2500 designaverit,
796 2441 816 2481 a
837 2421 944 2483 Tacito
965 2443 1025 2483 non
1046 2424 1150 2484 referri
1171 2430 1404 2486 consentaneum
1425 2436 1482 2502 eat,

152 2516 267 2595 quippe
293 2519 345 2596 qui
370 2520 488 2580 initium
514 2523 657 2582 narrandi
680 2523 831 2583 19919191)
853 2543 881 2583 a.
902 2523 1020 2584 demum
1044 2525 1093 2585 69.
1136 2525 1204 2585 Hoc
1225 2521 1345 2587 constat
1365 2527 1483 2587 ordina·

153 2617 231 2677 rium
257 2621 355 2697 ipsum
384 2623 571 2698 processisse
592 2642 658 2683 cum
681 2624 717 2682 T.
734 2623 832 2684 Vinio.
874 2624 1037 2685 Praeterea
1064 2627 1238 2688 consulatus
1260 2629 1325 2687 eiua
1348 2628 1419 2686 anni
1440 2628 1484 2687 ita

152 2738 221 2778 eum
249 2721 452 2793 ordinavisse,
482 2723 612 2783 9191199
633 2725 776 2785 retineret
796 2724 882 2785 datos
904 2744 924 2783 9
944 2725 1081 2800 Nerone,
1108 2727 1186 2788 alios
1209 2735 1261 2787 991
1282 2737 1411 2789 mutaret
1431 2733 1484 2788 aut

152 2819 285 2895 adderet,
306 2821 386 2884 19199
406 2823 671 2885 demonstrabitur.

154 3013 360 3024 ——..

231 3159 256 3223 ¹)
283 3161 441 3227 Borghesius
465 3159 550 3223 (Bell.
574 3155 632 3214 dett
653 3163 712 3214 inst.
737 3161 807 3216 arch.
829 3164 900 3216 1935
919 3167 977 3230 94
997 3183 1031 3207 =
1050 3167 1142 3231 9993
1161 3181 1186 3232 9.
1206 3166 1273 3229 999;
1292 3167 1362 3232 apud
1385 3168 1483 3220 111999-

152 3253 254 3304 riuium
282 3249 365 3303 Tettio
391 3250 470 3304 09919
491 3269 518 3319 9.
536 3253 587 3315 at)
616 3271 648 3304 99
671 3256 783 3306 narratis
808 3269 825 3305 9
848 3255 941 3306 Tacito
966 3257 1070 3321 collegit
1093 3271 1139 3322 999
1162 3263 1301 3322 quaternos
1324 3271 1426 3308 999999
1449 3258 1482 3309 ab

153 3344 230 3396 initio
254 3359 350 3396 999999
364 3345 399 3396 69
424 3345 588 3396 distributum
611 3347 703 3404 fuisse,
728 3347 766 3397 lta
789 3353 818 3396 91
836 3345 923 3398 Galba
945 3354 971 3396 et
988 3347 1083 3398 Vinius
1104 3347 1139 3398 ad
1156 3346 1281 3398 kalendas
1299 3362 1379 3413 99999
1397 3349 1484 3398 119199

153 3435 238 3486 199999
255 3443 385 3501 gererent,
405 3436 523 3488 kalendis
540 3437 620 3488 119119
639 3437 691 3487 (199
710 3437 810 3500 Sabini,
832 3437 951 3488 kalendis
969 3438 1163 3504 Septembribus
1181 3438 1331 3489 Antoninus
1349 3444 1375 3488 91
1393 3438 1483 3490 Celsus

153 3527 264 3578 inirent:
283 3521 414 3579 Othonem
433 3527 526 3580 deinde
544 3527 610 3578 nihil
628 3542 738 3579 9919999
756 3529 807 3579 9191
826 3528 896 3593 quod
913 3529 1054 3580 interiectis
1073 3529 1221 3580 consulibus
1239 3529 1379 3579 ordinariis
1396 3529 1425 3579 in
1443 3544 1483 3579 99-

153 3619 254 3684 liquum
280 3624 380 3684 tempus
407 3634 497 3670 eornm
523 3621 579 3684 1999
605 3635 664 3671 999
687 3619 953 3682 fratre-succederet,
979 3635 1079 3671 memes
1102 3627 1189 3670 autem
1214 3619 1279 3670 (1999
1304 3634 1337 3670 ex
1364 3625 1485 3685 quattuor

154 3709 246 3762 Caelio
265 3717 291 3760 et
307 3710 400 3762 Flavio
419 3711 553 3762 destinatis
564 3711 690 3776 Verginio
709 3717 735 3761 et
746 3711 861 3776 vopisco
880 3713 1038 3774 attribueret,
1057 3712 1097 3762 ita
1114 3719 1142 3761 ut
1159 3711 1188 3762 hi
1206 3711 1325 3762 kalendis
1336 3711 1426 3773 Maiis,
1445 3711 1484 3760 illl

154 3801 230 3852 Iuliis
248 3802 352 3865 inirent,
371 3802 521 3854 Antoninus
539 3802 650 3869 denique
669 3809 694 3854 et
712 3802 801 3854 Celsus
819 3802 938 3854 kalendis
951 3803 1144 3869 Septembribus
1160 3804 1244 3853 199999
1262 3803 1415 3866 acciperent.
1447 3801 1485 3852 At

153 3893 270 3958 neglexit
287 3894 328 3945 vir
346 3893 436 3944 doctus
454 3894 524 3960 quod
543 3895 580 3946 ait
592 3895 699 3946 Tacitus
716 3895 745 3945 in
756 3894 883 3946 1991991199
893 3895 1004 3946 Martias
1016 3894 1146 3946 Othonem
1159 3895 1291 3945 consulem
1304 3893 1401 3944 199199
1414 3907 1484 3943 esser

152 3985 182 4036 ld
208 3985 278 4051 quod
301 3985 456 4036 confirmant
478 3991 537 4037 acta
553 3985 691 4036 Arvalium
709 4001 798 4038 999999
817 3985 923 4049 effossa,
948 4001 1014 4052 quae
1032 3985 1150 4038 kalendis
1168 3986 1272 4036 Martiis
1288 3985 1441 4050 Verginium
1459 3990 1486 4034 et

154 4077 297 4141 Vopiscum
316 4078 434 4128 consules
452 4077 596 4128 nominant.
627 4077 717 4129 Verba
734 4083 821 4129 autem
840 4077 926 4128 Taciti
945 4092 1011 4143 9999
1029 4084 1088 4128 aunt
1106 4077 1133 4126 s'n
1152 4075 1277 4127 kalendas
1293 4073 1408 4126 Martias
1426 4090 1485 4125 cum

154 4167 233 4217 1999
254 4167 371 4218 indicare
394 4167 506 4220 debeant
529 4168 676 4219 consulatus
694 4167 806 4220 Othonis
830 4174 856 4217 et
874 4168 986 4230 Titiani,
1011 4168 1046 4219 ad
1068 4169 1147 4218 duem
1169 4167 1344 4217 nundinorum
1361 4166 1424 4214 item
1442 4178 1483 4214 99-

153 4258 263 4309 ferenda
286 4263 346 4308 9991
364 4259 444 4310 rerba
465 4273 532 4326 9999
555 4265 696 4325 sequuntur
718 4258 746 4307 19
764 4255 991 4309 1919999919ἱί99
1013 4265 1039 4308 et
1056 4254 1219 4324 Septembres.
1255 4255 1298 4307 De
1319 4269 1371 4320 999
1387 4269 1416 4304 re
1434 4255 1484 4305 etsi

154 4348 251 4415 ambigi
273 4356 458 4414 99199919919
480 4364 569 4401 recena
592 4357 695 4414 reperta
717 4355 777 4401 9919
795 4349 945 4410 Arvalium,
970 4363 1038 4399 9999
1059 4347 1187 4398 dubitatio
1206 4347 1291 4397 omnis
1309 4345 1411 4396 sublata
1434 4351 1482 4407 est,

154 4457 214 4492 cum
237 4439 356 4492 Caedem
380 4447 406 4491 et
428 4441 547 4493 Flavium
572 4442 652 4492 etlam
674 4441 760 4506 pridie
783 4440 908 4492 kalendas
931 4439 1018 4492 ldalas
1041 4439 1157 4504 legamus
1181 4437 1298 4488 99999199
1320 4436 1408 4486 191999.
1451 4436 1484 4487 Id

154 4538 225 4584 recte
243 4530 344 4582 riotarit
362 4531 485 4586 Stobbius
504 4531 665 4597 (Philologus
684 4531 789 4594 xm,
804 4533 820 4583 2
839 4546 865 4596 9.
880 4530 953 4594 267),
973 4531 1062 4596 quiin
1081 4529 1173 4580 9919919
1191 4527 1365 4592 Borghesium
1383 4535 1484 4578 secutus

154 4637 257 4674 menses
273 4623 398 4674 Martium
417 4631 443 4674 et
460 4623 579 4689 Aprilem
597 4624 723 4690 Verginio
747 4630 774 4674 et
790 4623 931 4688 Pompelo,
954 4637 1056 4672 999999
1073 4621 1174 4672 Maium
1192 4619 1295 4670 Iunium
1313 4619 1409 4671 Iulium
1428 4619 1483 4670 Au·

153 4723 258 4780 guam
276 4714 382 4768 Sabinis
401 4715 498 4766 tribuit
536 4715 622 4766 Aliter
638 4715 721 4767 199199
739 4714 815 4766 huius
833 4715 895 4765 anni
914 4712 1044 4764 ordinarit
1060 4709 1205 4763 Urlichsius
1224 4708 1267 4770 ((19
1286 4711 1340 4760 rita
1357 4716 1384 4760 91
1401 4708 1484 4760 hono-

155 4805 228 4856 ribus
251 4805 392 4870 Agricolae
417 4806 488 4858 1868
512 4822 538 4872 9.
557 4806 601 4858 26.
621 4807 671 4868 27)
701 4811 815 4857 91919999
840 4805 951 4856 Galbam
976 4809 1098 4869 quattuor
1120 4801 1251 4853 mensibus
1274 4801 1325 4852 sibl
1347 4801 1485 4851 racematio

155 4904 256 4947 ceteros
278 4895 362 4948 199999
384 4897 486 4948 dedisse
509 4897 537 4947 19
559 4897 634 4948 blnos
657 4911 770 4959 menses,
797 4895 928 4948 Othonem
951 4893 1138 4960 quadrimestre
1161 4892 1263 4945 Galbae
1285 4891 1429 4944 nundinum
1456 4891 1484 4941 19

156 4989 209 5038 (199
228 4987 347 5039 divisisse
365 4989 482 5040 nundina
499 4969 645 5051 bimestris,
664 4987 799 5064 Vitellium
822 4987 933 5052 denique
952 4985 1066 5052 expulsis
1085 4983 1186 5036 Galbae
1203 4983 1349 5034 candidatis
1367 4982 1484 5046 Septem·

156 5080 230 5130 brem
254 5085 280 5130 et
297 5077 437 5131 Octobrem
456 5078 584 5132 09991999
606 5093 638 5130 ac
651 5079 755 5131 Valenti
778 5078 893 5141 dedisse,
917 5077 1018 5130 1199919
1041 5081 1128 5126 99199
1145 5075 1237 5128 119999
1256 5075 1398 5128 Caecilium
1416 5071 1484 5124 Sim·

155 5172 251 5238 911999
272 5170 442 5223 substituisse.
478 5173 517 5223 At
539 5171 697 5237 ingeniosius
721 5183 799 5237 9999
821 5169 908 5220 verius
929 5169 970 5220 vir
991 5167 1082 5219 doctus
1100 5167 1180 5220 rerba
1202 5179 1269 5234 9999
1291 5169 1350 5218 9991
1374 5161 1487 5216 99911911·

155 5261 303 5314 cemimus
321 5275 374 5314 nou
393 5263 427 5316 sd
446 5267 573 5330 tempora,
592 5262 638 5316 sed
656 5261 691 5315 sd
709 5273 844 5314 nnmerum
862 5259 1059 5314 candidatorum
1077 5258 1164 5311 991991.
