3546 5950
360 536 432 609 104
918 547 1119 603 rvmuuuus

357 726 427 787 inde
452 726 548 785 altera
572 733 671 783 castra
694 721 873 800 legionaria,
901 722 996 781 altera
1016 723 1152 798 reliquae
1174 719 1299 780 militiae
1319 720 1415 780 fuisse
1437 718 1515 778 effici
1535 717 1658 789 rideatm3

358 847 414 887 neo
436 845 507 886 vero
533 826 647 898 obstat,
674 825 754 902 quod
775 841 866 901 saepe
887 824 1008 902 singula
1026 829 1140 882 tantum
1162 823 1361 899 reperiuntur,
1386 839 1456 880 enm
1476 819 1590 880 tabulae
1605 819 1660 878 illae

358 929 432 987 alibi
452 944 572 1004 quoque
592 927 708 1004 passim
728 925 883 985 omiserint
903 924 1037 997 castella,
1058 942 1137 1001 quae
1156 924 1189 982 in
1208 923 1355 982 laterculo
1376 922 1530 998 copiarum
1544 921 1661 980 exbiben-

359 1037 417 1086 tur.
459 1027 564 1087 Titnlo
589 1038 689 1087 autem
714 1045 809 1103 supra
834 1025 930 1085 relato
956 1026 1042 1085 n.14
1067 1025 1175 1086 aetatis
1196 1024 1422 1102 Philippianae,
1449 1023 1501 1082 ubi
1521 1022 1662 1099 praelectus

360 1129 427 1188 alae
448 1128 631 1205 praefectum
652 1128 782 1206 legionis
803 1127 908 1186 ducem
929 1126 1193 1204 praepositumque
1214 1132 1312 1198 vocat,
1333 1143 1394 1184 non
1414 1123 1507 1184 nimis
1523 1123 1661 1195 bitrem,

359 1249 456 1306 neque
476 1230 546 1289 inde
564 1229 613 1289 vel
634 1229 757 1307 saepius
772 1228 821 1288 vel
841 1229 1017 1306 plerumque
1037 1228 1207 1304 praefectos
1226 1226 1355 1304 legionis
1376 1225 1473 1304 copiis
1492 1224 1662 1285 auxiliaribus

360 1331 525 1408 imperasse
547 1330 754 1390 concluserim.

445 1632 581 1694 Instituit
600 1632 692 1712 igitur
711 1642 877 1694 ceruorum
899 1633 1130 1710 legionariorum
1143 1632 1370 1710 praefecturam,
1392 1650 1485 1709 quam
1499 1631 1576 1692 omui
1589 1637 1665 1690 aetate

362 1735 500 1795 homines
520 1735 662 1795 inferiore
682 1735 750 1795 loco
771 1733 914 1795 oriundos
936 1736 1070 1812 gessisse
1090 1733 1371 1806 demonstravimus,
1391 1735 1551 1811 Augustus
1567 1729 1665 1810 duplici,

363 1835 480 1912 opinor,
505 1853 597 1895 causa
622 1843 738 1910 motus,
764 1836 860 1896 altera
883 1835 1008 1896 militari
1030 1867 1069 1881 -
1091 1833 1206 1895 ordinis
1227 1834 1306 1894 enim
1327 1835 1473 1894 senatorii
1495 1845 1525 1894 et
1544 1831 1665 1911 equeatis

363 1935 499 1995 homines
527 1955 595 1998 cum
617 1935 650 1995 in
675 1937 774 2014 caliga
798 1935 947 2014 stipendia
971 1938 1093 1997 omnino
1121 1955 1182 1995 non
1209 1936 1356 2010 facerent,
1383 1936 1439 1996 aed
1465 1955 1485 1996 a
1509 1934 1666 2013 praelectum

363 2037 495 2097 cohortis
517 2038 728 2114 tribunatuque
748 2038 878 2097 militum
898 2039 1036 2097 militiam
1057 2037 1292 2116 ingrederentur,
1314 2037 1379 2097 sine
1398 2037 1494 2097 dubio
1510 2034 1666 2115 legionariae

363 2137 489 2198 milities
517 2145 657 2198 accurata
682 2138 808 2199 scientia
834 2139 1010 2216 plerumque
1035 2139 1192 2211 carebant;
1219 2139 1316 2198 altera
1343 2137 1435 2197 civili.
1480 2134 1666 2208 Administrari

364 2239 442 2299 enim
465 2241 619 2316 tenerique
639 2239 807 2318 imperium,
831 2240 922 2317 quale
943 2240 999 2300 fuit
1019 2239 1200 2312 Romanum,
1220 2258 1282 2299 non
1302 2239 1401 2317 potnit
1420 2239 1482 2298 nisi
1503 2257 1606 2318 magua
1622 2235 1666 2294 siu·

363 2341 444 2417 gulis
466 2340 690 2418 magistratibus
709 2357 854 2401 concessa
873 2348 1034 2418 potestate:
1056 2341 1133 2401 fines
1154 2341 1273 2416 imperii
1286 2339 1373 2413 tueri,
1394 2347 1493 2400 terras
1507 2339 1667 2418 populosque

365 2441 397 2500 in
424 2440 541 2501 dicione
567 2441 672 2520 populi
696 2441 826 2501 Romani
852 2444 979 2502 retinere
1004 2440 1160 2520 praesides
1186 2439 1405 2519 provinciarum
1432 2441 1603 2518 neanbsnt,
1624 2435 1668 2496 nisi

364 2539 515 2600 exercitus
545 2559 671 2619 magnos
698 2550 880 2619 paratosque
907 2544 1052 2604 baberent
1077 2543 1157 2602 dicto
1184 2540 1348 2601 audientes.
1397 2541 1447 2600 Ab
1473 2541 1566 2600 altera
1590 2549 1668 2598 auten

365 2650 453 2717 parte
473 2642 639 2701 cavendum
661 2651 735 2717 erat,
756 2661 794 2702 ne
815 2645 1007 2707 abuterentur
1026 2644 1163 2720 potentia
1183 2659 1249 2715 sua,
1269 2641 1327 2718 qui
1339 2642 1436 2718 copiis
1451 2651 1484 2702 et
1496 2642 1669 2715 cuiuscunque

365 2741 483 2818 generis
505 2743 613 2819 opibus
635 2744 726 2804 tantis
746 2744 874 2823 praediti
895 2754 1015 2822 essentq
1032 2763 1110 2821 qnae
1129 2743 1244 2802 illicere
1264 2742 1415 2802 debebunt
1426 2751 1458 2803 et
1471 2763 1505 2803 ra
1518 2757 1668 2816 rerasaepe

364 2841 528 2901 illexerunt
547 2844 684 2906 homines
704 2846 893 2918 ambitiosos,
914 2853 952 2903 ut·
967 2831 1067 2904 rernm
1085 2844 1175 2923 potiri
1189 2853 1378 2904 conarentur.
1413 2842 1502 2904 Haec
1515 2855 1668 2912 eratcausa,
1740 2919 1741 2922 Ἴ

262 2969 264 2972 ·
366 2960 420 3000 our
439 2943 598 3021 Augustus
621 2945 792 3022 legionibus
817 2947 946 3024 singulis
967 2946 1083 3025 legatos
1105 2953 1317 3025 praeponeret,
1343 2943 1395 3022 qui
1415 2945 1601 3023 praesidibus
1617 2961 1669 3021 pro

365 3043 531 3104 vinciarum
551 3046 707 3106 obedirent
726 3047 858 3124 quidem,
879 3048 932 3107 sed
953 3047 1044 3107 iidem
1064 3047 1126 3107 illia
1146 3063 1236 3125 parea
1258 3054 1361 3108 essent
1377 3047 1545 3125 vigilesque
1564 3045 1670 3107 exsisb·

365 3151 445 3218 rent,
471 3145 641 3224 siquando
667 3165 764 3208 noras
788 3167 839 3208 res
867 3148 966 3208 moliri
993 3148 1112 3208 vellent.
1156 3147 1218 3211 Sed
1242 3148 1335 3225 legati
1361 3156 1392 3206 et
1415 3149 1630 3225 provinciarum
1647 3153 1670 3202 et

365 3243 516 3323 legionum
539 3265 642 3308 omues
663 3256 748 3310 erant
768 3249 909 3310 senatorii
930 3250 1059 3310 ordinis:
1081 3249 1154 3327 quid
1175 3251 1202 3310 ai
1224 3248 1344 3326 quando
1359 3258 1482 3309 senatus
1496 3258 1619 3310 veterem
1630 3262 1671 3323 ptr

365 3351 502 3406 testatem
528 3368 706 3427 recuperare
732 3350 909 3410 moliebatur
933 3369 990 3410 nec
1014 3351 1075 3410 iam
1101 3351 1139 3410 de
1164 3368 1202 3410 eo
1226 3349 1390 3410 discrimen
1411 3359 1492 3428 erat,
1513 3351 1578 3429 quis
1596 3349 1671 3424 impe·

364 3456 461 3520 raret,
487 3448 541 3508 sed
566 3467 627 3526 qua
651 3451 750 3510 torma
774 3451 944 3528 respublica
967 3451 1139 3531 regeretur?
1183 3449 1377 3530 Quantopere
1397 3461 1499 3512 autem
1518 3447 1672 3530 poseriorb

365 3547 456 3607 etiarn
478 3549 587 3609 aetatis
606 3549 803 3628 imperatores
828 3552 920 3612 diffisi
942 3551 1004 3613 sint
1024 3555 1151 3626 senatui,
1173 3561 1208 3614 ut
1227 3561 1406 3631 potestatem
1427 3552 1494 3614 eius
1514 3551 1606 3631 magis
1623 3565 1672 3609 ma·

364 3646 472 3724 gisque
491 3648 697 3728 infringerent,
718 3655 812 3730 probe
833 3653 890 3714 soit
910 3654 962 3729 qui
983 3654 1090 3714 aetatis
1111 3654 1320 3732 imperatoriae
1340 3653 1500 3715 historiam
1519 3655 1606 3714 novit.
1640 3647 1673 3708 Ut

364 3745 458 3823 igitur
483 3757 602 3825 praeter
626 3752 743 3831 legates
768 3764 977 3831 procuratores
1002 3757 1034 3815 in
1058 3755 1231 3832 provincias
1252 3755 1331 3815 mitti
1351 3755 1448 3816 voluit
1468 3755 1618 3836 Angustus
1635 3748 1673 3808 ml

367 3847 474 3907 domus
500 3849 710 3926 imperatoriae
736 3853 860 3915 libertos
886 3856 934 3916 vel
962 3856 1112 3934 equestris
1139 3855 1253 3916 ordinis
1279 3856 1433 3934 homines,
1461 3857 1506 3919 ita
1530 3857 1560 3917 in
1584 3851 1673 3915 castis

367 3966 487 4026 quoque
507 3953 663 4013 constituit
683 3962 716 4013 ut
735 3956 822 4016 iuxta
841 3956 972 4036 legatum
994 3956 1163 4035 praefectus
1184 3956 1298 4018 ordinis
1318 3956 1469 4018 interioris
1487 3959 1585 4019 locum
1598 3953 1672 4014 babe-

366 4057 427 4123 ret,
451 4051 544 4131 longa
570 4054 678 4114 militia
702 4056 895 4134 imperatorio
916 4058 1030 4118 nomini
1055 4057 1174 4119 iunctus
1199 4057 1394 4136 devotusque.
1439 4057 1500 4134 Qui
1524 4057 1673 4136 praelectus

367 4151 535 4229 appellatus
556 4163 604 4214 est
619 4158 781 4234 praefectus
802 4167 975 4226 castrorumr
999 4179 1056 4220 nec
1076 4160 1198 4220 saeculo
1218 4160 1316 4237 primo
1337 4158 1407 4220 addi
1428 4161 1546 4221 solebat
1564 4153 1673 4236 legionis

365 4269 483 4328 nomen,
505 4273 572 4314 cum
593 4273 685 4335 saepe
706 4259 875 4336 complures
895 4260 1029 4340 legiones
1050 4259 1158 4320 iisdem
1175 4261 1287 4320 castris
1309 4265 1496 4334 tenerentur3
1518 4259 1585 4321 addi
1600 4273 1672 4332 coep

366 4360 428 4412 tum
449 4364 510 4428 est,
534 4365 693 4434 postquam
713 4357 907 4421 Domitianus
929 4379 986 4421 aua
1006 4379 1154 4439 quamque
1174 4361 1323 4440 legionem
1344 4369 1446 4421 castra
1465 4363 1573 4422 habere
1591 4355 1673 4424 rasit

366 4471 497 4531 moxque
517 4456 560 4516 ita
580 4457 718 4532 obtinuit,
739 4466 774 4517 ut
794 4476 852 4520 usu
873 4461 1048 4537 quotidiano
1070 4479 1161 4539 saepe
1182 4473 1342 4522 castorum
1356 4462 1475 4539 quidem
1490 4464 1607 4523 verbum
1620 4459 1672 4516 bre

367 4553 468 4613 vitetis
490 4573 582 4617 causa
601 4559 818 4637 neglegeretur,
840 4561 919 4642 legio
939 4573 1039 4622 tamen
1061 4563 1146 4621 utin
1166 4563 1319 4622 tribunatu
1339 4563 1466 4624 militum
1487 4563 1539 4624 rix
1560 4573 1673 4637 unquam

367 4653 561 4716 omitteretur.
605 4656 701 4733 Quem
728 4679 815 4723 usum
841 4660 1006 4741 Septimius
1032 4660 1164 4724 Severus
1190 4663 1292 4723 sanxit
1315 4663 1540 4742 legitimumque
1564 4655 1674 4722 reddidit

366 4771 476 4814 nomen
492 4759 634 4832 praefecti
655 4761 783 4838 legionis,
803 4764 933 4824 formasa
953 4770 1102 4842 potestate
1122 4781 1244 4841 quoque
1264 4765 1501 4843 muneribusque
1514 4765 1578 4826 eius
1590 4755 1673 4821 auctis

366 4852 425 4926 ita,
453 4860 487 4913 ut
513 4874 589 4932 quae
609 4862 760 4936 praesecto
781 4863 904 4924 adderet
924 4864 1056 4924 demeret
1075 4865 1184 4942 legato.
1226 4863 1284 4925 Est
1303 4865 1385 4926 euim
1405 4872 1510 4926 notum
1529 4865 1588 4924 iam
1606 4861 1673 4920 bant

366 4954 575 5032 imperatorem
596 4962 827 5037 quoquomodo
848 4965 990 5025 senatorii
1010 4965 1125 5026 ordinis
1147 4972 1325 5043 potestatem
1346 4967 1543 5028 imminuisse.
1586 4963 1673 5034 Atque

365 5053 436 5116 inde
456 5055 584 5120 fortasse
606 5061 815 5139 explicandum
837 5072 892 5140 est,
917 5066 999 5144 quod
1019 5085 1087 5128 eum
1107 5067 1275 5144 praelectus
1297 5068 1419 5130 saeculo
1433 5067 1448 5129 1
1461 5075 1493 5129 et
1505 5066 1537 5128 lI
1557 5059 1672 5126 cornicu-
