3582 5956
369 587 438 660 192
959 600 1104 653 unuzsu

364 782 492 857 primum
514 775 625 836 divisit.
665 773 806 834 Vitellius
829 774 956 851 deniqne
978 774 1165 846 oonsulibus,
1192 790 1270 851 quos
1292 774 1524 853 designaverant
1544 775 1672 853 principes

366 882 493 960 priores,
515 879 585 938 aliis
603 877 749 956 expulsis,
771 877 839 936 aliis
854 877 987 949 retentis,
1008 876 1115 936 horum
1130 882 1287 953 praeterea
1300 877 1472 936 oonsulatus
1487 877 1632 950 coartavit,
1649 885 1674 936 ut

368 1001 490 1042 suorum
511 980 737 1039 candidatorum
762 979 906 1039 honorem
933 986 1070 1058 angeret,
1097 979 1290 1055 ordinemque
1310 979 1511 1038 nundinorum
1532 977 1673 1057 paullulum

366 1082 570 1153 conturbavit,
602 1082 656 1141 sed
688 1086 722 1140 ut
753 1080 878 1140 nundini
909 1091 1025 1158 tempus
1057 1080 1224 1158 legitimum
1251 1089 1419 1140 remaneret
1444 1081 1592 1141 bimestre
1636 1081 1674 1138 st

367 1205 403 1245 eo
432 1185 501 1244 inde
528 1192 662 1260 tempore
690 1182 863 1243 consulatus
891 1181 1128 1259 quadrimestres
1154 1182 1340 1261 Borghesins
1365 1183 1469 1260 posuit
1493 1183 1537 1242 ita
1562 1188 1674 1260 reseptos

366 1306 448 1359 esse,
471 1295 505 1345 ut
524 1304 739 1363 nonnunquam
760 1285 895 1345 nundina
915 1284 1148 1362 quadrimestria
1168 1285 1199 1344 iu
1220 1284 1291 1345 bina
1311 1284 1467 1344 bimestris
1487 1283 1674 1342 dividerentur.

366 1391 403 1450 ln
431 1389 535 1448 libello
560 1387 640 1446 enim
666 1407 754 1464 quem
781 1387 875 1448 edidit
900 1386 936 1446 de
964 1395 1060 1446 aetate
1081 1387 1232 1448 Iuvenalis
1259 1387 1378 1464 (diors.
1400 1385 1610 1457 arras-1847,
1630 1384 1675 1441 110

368 1512 397 1570 p.
417 1491 490 1563 198,
520 1509 589 1568 opp.
610 1491 645 1562 5,
667 1488 720 1565 60)
750 1489 787 1547 de
813 1497 928 1549 mnata
955 1490 1128 1551 consulatus
1155 1490 1272 1550 ratione
1300 1488 1376 1549 liaeo
1403 1487 1522 1547 sor-ibit:
1550 1489 1676 1546 ..mis

367 1597 471 1670 grazia
502 1591 574 1650 dalle
606 1601 683 1650 tants
713 1601 838 1667 scopate
859 1593 936 1667 satta
963 1596 995 1650 αι’
1020 1595 1118 1668 yiorrrs'
1143 1595 1236 1651 austri
1265 1593 1280 1650 1
1311 1609 1365 1649 osu
1390 1589 1442 1648 baa
1469 1586 1676 1650 morareris

370 1697 445 1770 dopo
470 1693 593 1752 Claudio
621 1711 678 1751 nou
706 1695 736 1750 vi
753 1695 793 1768 sa
817 1695 872 1770 pisi
898 1695 1001 1754 alouao
1027 1693 1078 1754 else
1102 1711 1232 1770 sappam
1257 1696 1268 1750 ι’
1287 1693 1369 1768 sossi
1392 1709 1449 1768 par
1479 1693 1542 1750 tuni
1566 1692 1578 1747 ι·
1599 1688 1676 1747 dedici

368 1799 452 1866 mesi,
485 1797 518 1854 nd
547 1812 603 1870 par
633 1796 676 1852 sei
706 1795 781 1871 dopo
809 1794 939 1868 Nerone,
972 1815 989 1854 o
1020 1798 1053 1855 ul
1077 1797 1132 1872 piis
1159 1796 1234 1872 dopo
1263 1793 1453 1870 Vespasiano.
1504 1789 1582 1851 Sotae
1607 1787 1676 1866 quat

368 1898 467 1956 ultimo
485 1901 619 1974 principe
644 1901 671 1956 si
692 1899 795 1958 assodu
815 1897 839 1956 il
860 1915 951 1956 aaouo
973 1901 1088 1956 sistsma
1108 1897 1157 1958 obs
1177 1895 1288 1956 rauba
1309 1897 1510 1956 incominciato
1531 1895 1570 1952 da
1591 1890 1676 1959 esua

369 2015 444 2056 roms
468 2003 549 2058 notai
574 2000 653 2058 ultra
676 2002 756 2059 volta
777 1998 831 2074 ’(11.
858 1998 978 2057 Bullett.
1005 1997 1072 2058 dall’
1092 2001 1211 2058 institut.
1238 1996 1363 2058 urelsol,
1389 1995 1469 2056 1835
1492 2014 1523 2074 p.
1537 1993 1570 2065 4,
1593 1991 1676 2069 oppi

369 2117 399 2175 p.
416 2098 506 2175 535),
535 2101 567 2159 di
592 2102 718 2161 dividas
742 2101 946 2177 rspolarmsats
973 2098 1068 2160 l’aaao
1094 2104 1125 2158 ia
1151 2111 1192 2160 trs
1217 2099 1340 2158 aaudiat
1360 2099 1508 2158 eoasolars‘
1533 2097 1563 2154 ds·
1585 2102 1677 2172 quomo

368 2203 438 2258 sassi
465 2201 557 2260 l’ano:
584 2203 608 2259 il
634 2204 682 2262 else
707 2207 776 2279 pero
801 2221 857 2261 ooo
883 2203 988 2278 impsdi
1015 2203 1063 2261 obs
1089 2220 1128 2260 aa
1153 2202 1280 2260 suadem
1306 2219 1363 2258 uos
1383 2203 1410 2258 si
1430 2197 1620 2258 suddios'dssss
1636 2193 1677 2252 tal·

367 2303 446 2361 solta
474 2322 529 2378 per
560 2315 719 2364 eonwntars
747 2306 801 2379 pisi
833 2303 928 2363 duno.
978 2304 1129 2363 Trooiumo
1160 2306 1192 2361 s'a
1215 2305 1334 2379 pretias
1363 2311 1459 2377 questo
1491 2303 1601 2360 sistens
1623 2305 1677 2355 soro

367 2407 379 2460 i
404 2409 560 2464 suceessori
589 2405 668 2475 Tito,
696 2405 882 2478 Domitiano,
909 2403 1010 2464 Nerua
1038 2425 1052 2465 s
1083 2404 1209 2463 lisiano
1237 2411 1293 2462 eet.
1341 2400 1450 2461 Paullo
1481 2401 1565 2460 aliter
1588 2397 1677 2458 india-

369 2514 455 2564 verat
485 2504 644 2581 epistulam
677 2504 811 2564 scribens
845 2525 863 2564 a
888 2505 1069 2566 Minervinio
1098 2505 1209 2566 editam
1236 2505 1268 2564 in
1295 2503 1400 2563 libello
1429 2502 1467 2562 de
1497 2501 1592 2581 lapide
1615 2498 1677 2558 Nes·

372 2604 506 2680 politano
529 2605 648 2664 Tettiae
674 2604 785 2666 Castae
812 2605 959 2684 (Neapoli
985 2607 1063 2668 1845
1091 2626 1120 2684 p.
1138 2606 1207 2684 26),
1233 2605 1266 2666 in
1290 2590 1352 2683 qua
1376 2604 1490 2684 legitur
1515 2605 1572 2663 sia:
1600 2600 1677 2660 soal

372 2706 549 2765 abbastaaua
570 2707 725 2782 esplotuto,
748 2725 823 2766 sorae
844 2709 999 2768 aadasssro
1022 2711 1048 2767 Is
1069 2728 1132 2769 eoas
1151 2708 1219 2768 asll'
1239 2712 1346 2784 impero
1461 2707 1497 2765 ds'
1516 2704 1677 2780 Vespasiano

372 2809 403 2862 ia
426 2809 473 2863 oui
494 2808 508 2864 ὸ
526 2809 581 2882 piis
603 2807 720 2882 difficile
741 2808 791 2868 olus
812 2811 842 2865 ia
864 2809 950 2868 aleus
970 2811 1046 2869 altro
1068 2811 1096 2869 lo
1117 2814 1238 2870 stataira
1260 2829 1327 2869 oosa
1341 2809 1447 2868 1111111
1461 2809 1496 2867 ds'
1510 2816 1590 2878 sarto,
1609 2813 1678 2863 auaro

375 2907 425 2966 aba
447 2912 532 2984 quast
554 2912 618 2967 tutti
638 2911 649 2966 ι’
671 2909 810 2968 consolati
831 2911 964 2968 ordinari
985 2912 1017 2968 di
1037 2912 1103 2987 quel
1123 2930 1209 2988 rayno
1224 2913 1336 2986 surano
1353 2913 1488 2986 occupati
1502 2911 1552 2968 das'
1561 2904 1678 2985 pressei

374 3008 555 3083 Imparooote
575 3007 643 3068 sull’
666 3013 785 3085 ssaups'o
807 3011 885 3087 dsyli
905 3012 998 3070 adimi
1018 3013 1157 3072 ooasolats'
1177 3014 1209 3070 cli
1228 3012 1359 3090 Aaqasto
1373 3015 1414 3089 su
1434 3019 1564 3072 amasssto
1583 3018 1679 3068 aarum

374 3109 418 3169 ds’
440 3113 618 3187 susseyaeats'
643 3113 812 3188 imperatori
838 3112 869 3170 di
892 3130 950 3171 aaa
976 3130 1141 3172 consumare
1167 3112 1278 3172 Pistoro
1307 3123 1396 3192 terapo
1418 3121 1570 3192 1111911111
1589 3107 1613 3168 a’
1632 3108 1678 3166 loss

364 3213 458 3285 fassi,
481 3230 529 3272 ma
551 3215 582 3272 di
602 3213 777 3272 enumera
797 3231 851 3271 ora
869 3215 924 3290 piis
941 3223 1049 3289 presto,
1072 3232 1125 3272 ora
1141 3215 1197 3289 pisi
1218 3215 1297 3272 tardi
1317 3216 1359 3273 ud
1371 3215 1469 3274 alermi
1488 3214 1532 3275 da’
1548 3213 1603 3271 loro
1615 3209 1679 3268 esici

373 3323 429 3372 oet.
474 3312 600 3374 Collatis
628 3315 735 3374 deinde
760 3316 838 3374 inter
865 3333 899 3374 se
923 3313 1026 3373 tabula
1051 3314 1194 3374 honestae
1220 3316 1373 3376 missionis
1392 3298 1584 3392 (cardinalis
1597 3309 1633 3370 Vl
1650 3329 1677 3358 =

372 3415 431 3473 vol.
455 3415 521 3488 ΙΙΙ,
547 3416 614 3492 ΙΙΙ)
647 3417 854 3492 fastorumque
884 3415 1027 3476 feriarum
1060 3414 1237 3475 Latinarum
1268 3415 1435 3494 fragmento
1468 3415 1595 3494 (Marini
1622 3412 1678 3469 Arv.

372 3535 402 3592 p.
421 3515 495 3593 129)
522 3517 657 3576 annuit
680 3519 857 3578 consulatus
878 3525 1037 3577 semestres
1059 3517 1155 3577 fuisse
1176 3517 1313 3576 eonieeit
1356 3518 1390 3576 ln
1411 3517 1466 3576 illa
1489 3520 1566 3578 enim
1586 3515 1620 3590 Q.
1637 3511 1680 3570 Pr

373 3616 457 3675 tilius
485 3616 612 3677 Cerialis
638 3611 767 3678 Caesius
793 3618 893 3679 Rufus
916 3619 949 3678 11
976 3628 1006 3679 et
1032 3619 1069 3678 T.
1097 3616 1224 3679 Clodius
1253 3618 1366 3696 Eprius
1394 3620 1557 3679 Marcellus
1577 3618 1606 3677 Π
1626 3630 1679 3673 oon-

374 3717 455 3778 sules
484 3717 613 3777 citantur
640 3738 665 3777 a
689 3719 718 3778 d.
740 3720 805 3779 XII
826 3721 970 3781 kalendas
991 3720 1112 3794 Iunias,
1139 3721 1209 3782 fasti
1236 3727 1335 3781 antem
1357 3721 1500 3780 feriarum
1522 3719 1679 3782 Latinarum,

374 3837 451 3893 quae
473 3819 565 3878 feriae
587 3825 649 3877 tum
677 3839 779 3880 mense
800 3822 879 3881 Iulio
907 3823 971 3882 fieri
999 3823 1150 3895 solebant,
1178 3823 1255 3882 alios
1282 3823 1421 3882 eonsules
1443 3822 1616 3882 habuerunt:
1640 3833 1680 3892 per

372 3917 508 3976 nundina
534 3921 625 3996 igitur
652 3923 882 3998 quadrimestria
907 3925 1059 3985 aunuald
1085 3924 1263 3986 distributus
1289 3943 1350 3984 non
1376 3929 1477 3999 potest
1503 3924 1605 3992 fnisse,
1628 3915 1681 3992 qnia

375 4018 432 4077 hoo
459 4021 559 4095 posito
585 4022 739 4082 mensibus
766 4025 847 4084 Maio
874 4045 909 4085 so
935 4026 1014 4085 Iulio
1040 4026 1130 4086 iidem
1158 4027 1304 4086 eonsules
1326 4043 1394 4085 esse
1420 4025 1575 4084 debebant.
1613 4015 1680 4078 Unde

376 4119 562 4198 Borghesius
586 4124 737 4203 prinsipes
763 4129 903 4187 eonsules
929 4129 1100 4187 ordinarios
1124 4127 1250 4188 coniecit
1270 4135 1388 4204 partem
1409 4127 1563 4187 semestris
1582 4116 1681 4182 11111111

375 4223 486 4301 prioris
509 4222 627 4285 Cereali
646 4237 684 4286 et
704 4227 848 4289 Marcello
875 4230 1028 4290 tribuisse.
1071 4231 1115 4289 As
1139 4247 1217 4306 quae
1243 4229 1414 4306 observavit
1433 4227 1613 4307 Borghesins
1631 4216 1681 4298 pari

373 4325 438 4385 iure
465 4334 495 4385 et
521 4326 559 4386 ad
585 4338 746 4390 semestres
773 4338 803 4390 et
829 4331 867 4390 ad
893 4333 1051 4391 bimestres
1078 4330 1253 4391 consulatus
1279 4331 1424 4410 applicari
1445 4335 1586 4408 possunt,
1611 4323 1680 4397 hique

372 4428 446 4486 mihi
474 4429 571 4506 magis
596 4432 772 4507 probantur.
821 4432 949 4492 Etiamsi
979 4433 1059 4492 onim
1086 4432 1123 4491 de
1150 4442 1285 4508 tempore
1306 4430 1489 4510 Vespasiani
1516 4421 1679 4506 imperatorIs

372 4536 486 4588 eertum
508 4530 710 4592 testimonium
732 4541 815 4594 extat
836 4535 961 4606 nullum,
983 4536 1040 4594 sub
1056 4533 1155 4595 Galba
1175 4534 1352 4593 consulatus
1367 4534 1595 4609 quadrimestres
1607 4526 1680 4586 111111

373 4628 502 4689 vidimus
532 4639 562 4690 et
586 4641 705 4694 oonstst
730 4635 802 4695 item
829 4637 860 4696 iu
887 4646 1051 4713 quaternos
1077 4653 1197 4696 menses
1224 4635 1280 4695 sub
1302 4635 1373 4694 Tito
1400 4653 1519 4712 quoque
1544 4641 1572 4691 et
1595 4623 1679 4688 Doni·

375 4730 457 4787 tiano
479 4733 653 4795 consulatus
674 4737 851 4816 plerumque
872 4737 960 4798 datos
982 4755 1059 4797 esse.
1096 4737 1202 4814 ltaque
1222 4736 1380 4816 probabile
1394 4743 1443 4796 est
1455 4737 1543 4796 etiam
1559 4732 1609 4792 snb
1622 4723 1680 4783 Vet-

375 4830 504 4906 pasiano
530 4835 654 4894 eandem
683 4837 779 4914 legem
803 4839 847 4898 ita
868 4840 1057 4912 observatam
1079 4856 1160 4912 esse,
1188 4847 1221 4897 ut
1242 4855 1455 4915 nonnunquam
1477 4826 1680 4914 quadrimestris

375 4930 510 4990 nundina
530 4931 562 4991 in
583 4935 737 4997 bimestris
759 4940 963 5000 dividerentur
973 4941 1012 5017 1).
1057 4939 1145 5014 Quod
1168 4940 1306 5000 videntur
1326 4939 1503 5000 confirmare
1523 4945 1586 4997 acts
1602 4935 1680 4991 Arra·

456 5068 479 5132 ¹)
509 5074 698 5138 Vespasianum
723 5079 923 5143 quadrimestres
946 5081 1093 5133 consulatus
1116 5079 1257 5130 instituisse
1275 5079 1354 5130 etiam
1373 5077 1556 5129 Brambaobius
1572 5063 1680 5123 sostendit

376 5171 529 5227 ersumeoto
553 5181 614 5217 usus
634 5167 683 5218 boo
701 5183 793 5234 pamm
811 5173 899 5222 valido
918 5173 988 5238 quod
1011 5187 1059 5224 neo
1078 5173 1153 5225 Titus
1172 5173 1235 5224 satia
1253 5172 1299 5222 diu
1316 5185 1366 5222 nea
1383 5170 1547 5221 Domitianus
1564 5163 1619 5216 satis
1634 5171 1678 5224 ΡΝ·

377 5253 468 5306 denter
486 5257 622 5323 imperium
641 5262 760 5328 gesserit,
781 5271 809 5314 ut
828 5264 910 5330 legem
930 5281 982 5317 oon
1002 5266 1146 5319 institueret
1164 5265 1257 5328 mlum,
1276 5261 1462 5316 verumetiam
1481 5259 1605 5314 stsbilirat.
