3546 5950
448 582 497 634 nn
516 583 781 636 nnnnrcronvn
797 581 902 636 vnnrs
920 582 1076 636 nrvnrs.
1309 581 1311 586 ’
1354 568 1424 639 119

107 764 211 816 certum
236 762 283 814 cst
307 753 389 830 quod
413 755 443 813 iu
470 755 536 814 eius
562 756 621 814 fine
646 756 764 816 litterae
792 772 941 815 εετιτνειι
967 757 1064 816 edhuc
1090 767 1265 834 supersuut3
1292 758 1426 818 secunde

107 875 168 914 cum
193 856 270 914 inter
294 855 349 915 hes
376 855 452 916 dues
480 857 570 916 sedes
596 857 678 916 uliud
704 857 871 916 aedificium
898 875 957 916 non
983 858 1152 918 interfuerit
1177 860 1301 920 ulterius
1328 860 1424 918 utrius

107 956 188 1014 fuerit
212 975 333 1018 necesse
360 967 416 1016 cst.
459 957 593 1018 Litterae
619 966 719 1018 eutem
742 973 887 1018 tsrt'rvss
912 959 943 1017 in
967 960 1091 1035 sophori
1113 960 1252 1020 inferiore
1273 970 1358 1038 purte
1379 962 1425 1020 in·

107 1058 181 1116 cisse
199 1065 279 1131 sunt,
300 1064 453 1136 totumque
467 1059 701 1135 inscriptionem,
723 1059 807 1118 cuius
825 1079 878 1118 ese
893 1068 963 1118 sunt
976 1060 1098 1119 ultimae
1112 1060 1240 1136 litterae,
1261 1079 1320 1122 uno
1334 1079 1425 1121 versu

107 1175 166 1216 esse
187 1159 383 1237 perscriptam
404 1160 568 1220 Henzenus
589 1160 748 1220 intellexit.
790 1158 868 1221 Cum
890 1161 968 1220 enim
989 1161 1058 1220 illue
1081 1168 1148 1220 octo
1170 1163 1287 1223 litterae
1307 1172 1424 1240 purtem

107 1277 166 1316 eum
191 1261 316 1336 sopbcri
337 1279 415 1336 quse
436 1268 482 1324 est
504 1278 597 1339 supro
617 1268 783 1320 extremum
804 1261 1064 1320 intercolumnium
1085 1262 1128 1321 itu
1149 1271 1296 1341 occupent
1320 1271 1353 1322 ut
1374 1281 1425 1322 ve·

107 1376 185 1417 cuum
205 1360 342 1420 relictum
365 1362 404 1421 sit
424 1363 554 1439 spatium
577 1362 702 1422 ducrum
724 1362 901 1434 litterarum,
922 1370 1018 1422 totum
1039 1381 1160 1422 versum
1183 1382 1275 1439 supro
1294 1364 1425 1440 quinque

105 1459 326 1522 intercolumnio
351 1464 496 1539 scriptum
522 1471 567 1523 tot
593 1464 656 1524 sere
684 1463 826 1522 habuisse
853 1463 966 1522 littores
995 1464 1163 1524 certissime
1190 1473 1323 1538 constet,
1351 1472 1426 1540 quot

107 1562 217 1620 suntin
238 1582 277 1623 es
297 1564 501 1643 inscriptione.
537 1566 643 1643 Itsque
665 1584 732 1624 cum
754 1565 842 1622 trium
863 1564 985 1623 illarum
1003 1565 1241 1642 inscriptionum,
1262 1584 1338 1640 quas
1351 1565 1425 1624 Ein-

106 1661 254 1724 siedlensis
277 1667 452 1726 coniunctas
472 1667 574 1740 habet,
598 1667 696 1744 prims
717 1672 812 1725 totum
833 1667 1001 1743 zophorum
1021 1667 1106 1726 sedis
1127 1675 1197 1725 octo
1218 1665 1425 1725 columnarum

107 1774 230 1841 occupet,
251 1767 342 1826 tertie
362 1768 393 1827 in
415 1768 489 1826 sede
510 1786 587 1843 quse
603 1768 744 1845 proximu
758 1775 805 1827 est
818 1767 943 1845 zophori
957 1776 1071 1844 purtem
1085 1768 1267 1840 inferiorern,
1289 1768 1425 1844 sequitur

107 1874 135 1923 ut
158 1867 289 1926 secundo
312 1869 408 1929 incisu
432 1869 521 1928 suerit
546 1871 577 1928 in
604 1869 737 1928 eiusdem
763 1868 887 1946 sephori
912 1878 996 1946 parte
1018 1869 1181 1946 superiore.
1224 1867 1305 1927 Num
1327 1887 1424 1943 neque

106 1965 213 2026 videtur
237 1969 318 2028 elius
346 1970 431 2030 locus
457 1971 584 2030 inveniri
609 1988 713 2047 posse,
741 1970 793 2028 ubi
815 1969 963 2030 eiusmodi
983 1970 1207 2046 inscriptionem
1228 1970 1322 2028 fnisse
1342 1987 1423 2028 com·

106 2066 184 2125 mode
203 2077 330 2144 statuas,
354 2089 410 2130 nec
431 2070 573 2130 credibile
594 2081 641 2130 est
661 2071 785 2149 zophori
807 2071 934 2130 ulicuius
956 2087 1023 2129 csse
1044 2071 1218 2147 inscriptum
1239 2079 1355 2148 purtem
1378 2070 1424 2126 in·

105 2165 243 2242 seriorem,
269 2189 392 2231 escuem
412 2173 550 2232 relictam
572 2173 766 2250 superiorem.
807 2171 922 2232 Aedem
943 2171 1034 2248 igitur
1054 2171 1139 2230 cuius
1161 2189 1241 2230 nunc
1262 2177 1425 2247 supersunt

106 2277 160 2328 tres
180 2270 337 2332 columnae
358 2281 484 2351 apparet
504 2275 599 2334 visum
621 2291 689 2334 esse
711 2275 749 2332 eb
770 2271 977 2333 Eiusiedlensi
998 2272 1042 2330 sic
1064 2273 1253 2349 inscriptum:

397 2405 916 2454 u1v0·vssrnsnn0··nvcvsro
933 2405 971 2449 s·
987 2407 1026 2449 r·
1042 2407 1121 2463 Qu
1424 2385 1430 2396 '

170 2507 260 2548 mrr·
277 2507 391 2553 cnuss·
408 2507 561 2554 srvsnvs·
577 2511 632 2553 ετ·
647 2507 859 2555 ιιιτοιιιιινε·
875 2507 935 2550 rn·
950 2507 1054 2552 rsnc·
1069 2506 1169 2561 ech·
1162 2372 1353 2593 wisnrvsu

105 2604 147 2665 lte
167 2609 284 2670 videtur
308 2613 531 2688 comprobatum
558 2629 625 2673 esse
647 2613 741 2672 fuisse
762 2613 840 2672 hunc
861 2611 964 2671 eedem
980 2608 1170 2687 Vespasiani.
1214 2606 1303 2682 Quod
1324 2607 1352 2666 si
1373 2626 1422 2667 re·

104 2726 162 2768 rum
182 2719 228 2772 est
248 2711 342 2774 simul
363 2713 554 2792 exploratum
574 2723 622 2775 est
643 2713 766 2774 alterum
788 2724 856 2774 octo
876 2711 1082 2772 columnarum
1103 2711 1197 2771 luisse
1218 2706 1350 2772 Saturni.

657 2905 862 2915 —--—

745 3061 774 3120 2.

177 3177 330 3240 Grimeldi
354 3180 386 3239 iu
407 3181 509 3242 codice
523 3181 671 3241 Vaticano
686 3180 767 3242 6138
790 3199 819 3257 p.
836 3179 917 3239 4013
942 3181 1016 3240 bsec
1038 3178 1156 3238 scribit:
1186 3175 1290 3247 Questo
1312 3192 1362 3233 cru
1382 3193 1421 3233 uu

101 3295 170 3351 prou
186 3300 273 3356 penzo
296 3285 327 3342 di
346 3300 454 3342 mortuo
477 3301 529 3343 con
551 3283 647 3343 lettere
667 3285 754 3359 quusi
775 3281 909 3352 cubitali,
938 3289 1038 3342 cauato
1066 3276 1422 3337 vernantissimos

102 3381 130 3436 di
148 3381 247 3442 Murco
269 3383 355 3443 uella·
369 3383 466 3444 cttna
485 3384 518 3442 di
539 3383 633 3443 Scuta
653 3382 757 3440 Maria
776 3401 852 3441 noua
879 3380 939 3456 [est
960 3381 1050 3440 sedes
1073 3379 1111 3437 ed
1133 3379 1230 3437 iorum
1251 3376 1420 3435 Romanum

102 3479 162 3552 situ
182 3501 258 3560 quae
281 3503 359 3544 nunc
374 3484 464 3561 vulgo
486 3485 595 3543 dicitur
609 3481 640 3544 S.
655 3483 834 3542 Franciscue
848 3479 1014 3555 Romanae]
1037 3480 1231 3555 disfccmdosi
1252 3476 1421 3553 icccppcils

99 3599 147 3654 per
165 3585 268 3658 nycrls
289 3589 320 3644 iu
340 3586 455 3662 miqltor
468 3589 579 3664 sonna,
602 3593 628 3643 ct
641 3586 681 3660 si
701 3593 810 3642 trovato
831 3582 901 3643 nelli
914 3583 1095 3656 fundamenti
1116 3582 1148 3638 di
1169 3580 1241 3637 detto
1256 3575 1420 3653 cappellsd

101 3699 177 3766 mano
202 3687 305 3746 dirittu
330 3689 484 3758 conando,
509 3686 601 3744 dende
626 3688 653 3743 si
675 3689 734 3760 pud
760 3687 948 3744 conicttururc
973 3681 1022 3740 cis
1050 3683 1171 3740 serviere
1192 3690 1217 3740 ct
1231 3682 1317 3757 susus
1330 3677 1419 3753 scup-

101 3797 181 3846 πωπω
202 3789 234 3848 di
252 3807 294 3848 un
314 3789 477 3848 crciitrcus
497 3789 545 3847 del
561 3789 675 3863 portico
695 3783 743 3842 det
763 3787 863 3860 tempio
885 3783 963 3842 dello
984 3781 1077 3842 Pace.-
1089 3780 1119 3857 1)

625 3902 836 3963 sensium!
849 3903 858 3962 l

625 4016 888 4061 r·xvnt·r·r·csrs

623 4155 738 4198 tvenvs
753 4167 760 4183 ·
776 4154 813 4196 ετ
826 4165 833 4206 t
845 4155 888 4195 ιιι

100 4255 234 4320 Eiusdem
262 4261 395 4340 epistylii
417 4261 534 4320 ridetur
559 4258 655 4319 fuisse
679 4275 750 4336 pers
778 4255 816 4316 de
842 4274 904 4333 qus
929 4253 1013 4316 solus
1038 4260 1165 4314 testetur
1184 4247 1360 4309 Merliunius
1385 4247 1418 4306 in

100 4361 308 4439 topogrcpbioe
329 4361 412 4422 urbis
426 4361 542 4422 Romus
562 4360 694 4418 editione
714 4357 794 4416 luctu
815 4375 843 4416 ε.
860 4355 939 4416 1534
960 4354 1076 4414 Romae
1096 4372 1151 4429 per
1164 4349 1331 4410 Antonium
1345 4346 1415 4405 Ble-
1448 4391 1451 4396 ι

99 4457 164 4518 dum
182 4461 235 4521 lib.
252 4462 283 4522 11
304 4482 369 4540 cop.
385 4463 432 4522 IV
452 4462 500 4523 his
521 4460 636 4521 verbis:
662 4455 758 4518 'Hunc
780 4456 884 4517 eedem
905 4453 1028 4516 Saturni
1047 4452 1176 4512 dicimus
1196 4449 1325 4529 positum
1347 4465 1418 4510 esse

105 4579 138 4618 eo
163 4562 192 4620 in
218 4563 302 4637 loco,
329 4565 379 4623 ubi
405 4565 509 4642 paucis
535 4572 606 4623 unte
630 4559 717 4620 annis
744 4557 843 4616 fueret
867 4575 936 4615 cum
957 4555 1032 4615 turri
1053 4552 1197 4613 sacellum
1219 4539 1417 4626 cognomento

97 4655 133 4720 S.
148 4659 342 4726 Sulvstoris
334 4685 365 4724 m
386 4665 526 4738 Aerario,
546 4665 721 4726 incumbens
742 4661 885 4742 hospitali
907 4656 939 4719 S
953 4655 1096 4716 Msriee'
1086 4674 1120 4714 ιιι
1139 4652 1272 4712 Pontion.
1308 4649 1416 4710 Turris

99 4779 295 4793 ψ..-

173 4853 196 4916 ¹)
225 4855 343 4906 Eundem
361 4855 555 4922 inscriptionem
574 4854 699 4906 exhibent
715 4854 753 4904 lli.
772 4853 889 4904 Milesius
908 4851 936 4900 in
955 4848 1044 4900 codice
1061 4843 1220 4897 Ferrsriensi
1240 4842 1264 4903 1,
1279 4840 1347 4900 ³44,
1371 4841 1417 4904 qui

98 4942 156 4993 dicit
172 4959 228 4996 esse
246 4946 336 4999 litteris
355 4947 495 4998 maioribus
513 4952 642 5011 repertum
660 4946 687 4995 ln
707 4943 815 4996 ecclesis
832 4942 860 4995 S.
874 4941 974 4992 Murice
986 4940 1078 4991 Norae
1094 4949 1176 5001 prope
1194 4932 1317 4996 templum
1329 4928 1415 4990 Pacis,

98 5041 121 5082 tt
136 5034 245 5088 selredus
256 5036 338 5089 Donii
354 5040 382 5090 ln
395 5037 485 5090 codice
496 5036 683 5090 Msrucellisno
701 5035 728 5085 A
742 5032 796 5085 298
813 5049 840 5098 p.
856 5033 909 5084 213
928 5031 972 5097 qui
990 5029 1053 5080 dicit
1065 5041 1120 5077 esse
1133 5025 1288 5087 descriptum
1306 5036 1331 5071 ιι.
1343 5019 1413 5070 1613

98 5123 229 5178 inretorto
253 5129 363 5194 epistylii
385 5129 529 5194 fragmento
550 5133 610 5179 unte
628 5125 751 5192 templum
769 5123 846 5175 Pscis
864 5124 971 5174 iacente.
1007 5118 1135 5185 Exemplo
1152 5113 1266 5181 paullum
1284 5110 1413 5170 differunt,

99 5213 124 5267 tn
139 5219 190 5268 v.1
210 5225 326 5272 extremo
343 5219 447 5273 Dcuius
464 5227 532 5274 recte
549 5225 578 5271 ut
597 5218 690 5286 opinor
707 5214 785 5268 hebet
803 5203 864 5263 nis.
