3578 5962
580 665 629 720 nn
655 669 799 724 muns
825 672 983 727 numms.
1368 671 1442 748 247

109 768 1444 808 Ἦ

110 843 176 902 sive
198 840 396 900 ordinandum
418 849 529 902 statum
550 842 711 903 liberarum
726 844 890 918 civitatum,
913 865 990 924 quae
1011 849 1207 914 iurisdictioni
1226 867 1443 933 proconsulum

111 942 253 1002 subditae
280 961 342 1002 non
370 951 481 1002 essent.
526 943 604 1020 (Cir.
631 963 709 1022 quae
735 945 772 1005 de
798 967 834 1006 ea
859 967 891 1006 re
918 952 1059 1026 exposuit
1085 952 1232 1033 Borghesi
1259 962 1339 1023 Ann.
1367 969 1441 1030 Inst.

109 1043 202 1104 XXV
234 1043 345 1122 (1853)
377 1065 406 1124 p.
442 1043 581 1123 tllsqq.
608 1047 670 1106 sive
704 1046 783 1125 Opp.
812 1048 841 1106 V
873 1069 902 1127 p.
924 1050 1053 1130 412sq.)
1103 1055 1184 1116 Inter
1209 1061 1321 1126 liberas
1351 1073 1441 1134 urbes

109 1146 247 1206 Achaiae
274 1157 373 1206 autem
400 1148 566 1224 principem
592 1148 692 1208 locum
719 1151 860 1211 tenebant
885 1153 1036 1228 Athenae,
1063 1157 1105 1216 ita
1127 1170 1160 1219 ut
1181 1161 1229 1221 hic
1252 1170 1442 1241 potissimum

109 1248 182 1307 illos
204 1249 320 1326 legatos
341 1258 540 1310 commoratos
566 1268 631 1310 esse
656 1259 885 1314 consentaneum
909 1255 962 1330 sit3
988 1275 1080 1333 quare
1106 1281 1143 1320 ne
1168 1264 1199 1322 id
1224 1269 1343 1344 quidem
1371 1293 1442 1338 casu

109 1351 223 1410 factum
246 1351 372 1424 ridetur,
395 1353 475 1428 quod
495 1354 527 1410 in
542 1353 629 1412 titulo
645 1353 788 1412 Africano
802 1355 957 1416 Pactumei
973 1358 1136 1423 Clementis
1155 1384 1243 1441 quem
1259 1369 1442 1450 Borghesius

109 1452 201 1512 affert
221 1452 481 1528 (Orelli-Henzen
502 1454 597 1532 6483)
626 1455 764 1515 Athenae
785 1459 950 1535 principem
980 1461 1077 1521 locum
1099 1471 1201 1526 tenent
1222 1470 1346 1547 (legatas
1367 1479 1442 1539 Dici
1490 1532 1492 1538 .

110 1555 265 1614 Hadriani
279 1556 400 1615 Athenis
419 1557 549 1633 Thespiis
564 1556 677 1617 Plateis
697 1563 762 1618 item
782 1564 813 1618 ia
833 1561 1006 1639 Thessalia).
1041 1564 1107 1624 Iam
1130 1569 1157 1627 si
1178 1571 1266 1631 etiam
1282 1577 1442 1642 Aemilium

110 1657 240 1716 Iuncum
268 1658 416 1718 eiusmodi
445 1659 577 1738 legatum
606 1661 736 1736 Augusti
769 1680 824 1738 pro
855 1675 992 1738 praetore
1021 1667 1059 1726 ad
1091 1667 1299 1748 corrigendum
1332 1690 1443 1744 statum

110 1759 276 1818 liberarum
299 1761 462 1820 'civitatum
495 1763 527 1820 in
560 1762 745 1837 provinciam
781 1765 927 1824 Achaiam
960 1769 1086 1828 missum
1120 1782 1298 1852 statuemus,
1332 1785 1443 1860 optime

112 1862 322 1938 explicabitur,
344 1881 397 1922 cur
419 1873 520 1922 statua
541 1865 667 1923 Athenis
687 1865 833 1924 collocata
855 1867 902 1926 sit.

199 1962 285 2037 Quae
306 1966 407 2025 omnia
428 1968 660 2044 comprobantur
679 1967 767 2026 titulo
790 1966 825 2026 0.
845 1968 869 2026 I.
887 1967 941 2028 Gr.
966 1971 1045 2030 1346
1065 1969 1099 2030 ‘A
1115 1965 1199 2039 πόλις
1212 1971 1283 2039 Tuli.
1299 1977 1443 2045 hausides

110 2055 287 2149 ‘Apaa'vsmeu
312 2058 534 2148 Πλειποξὲνου,
565 2057 699 2133 λαβὸντιι
730 2063 785 2130 τοὶς
814 2071 865 2132 ric
889 2067 1144 2154 cipsrraaaitetra'ac
1171 2074 1269 2147 τειμᾶς
1289 2081 1370 2142 uacci
1395 2083 1443 2146 τδο

111 2158 195 2225 vc'aw
214 2157 263 2226 nai
285 2164 342 2227 cirri
368 2171 420 2226 rad
448 2159 552 2240 δήμου,
576 2165 665 2226 nasici
686 2160 735 2227 usai
756 2168 770 2228 ὅ
791 2161 944 2232 &triveres
963 2167 1149 2262 Αὐτοκράτωρ
1172 2183 1283 2267 Kaisap
1306 2185 1444 2270 Τραϊανὸς

109 2263 259 2349 «Αδρωνῦις
285 2261 332 2328 καὶ
357 2263 483 2340 Αῂζλως
502 2267 632 2346 ’Ῑοῦιγοιος
658 2269 671 2328 e‘
700 2263 873 2343 δικαιοδέτης
901 2264 958 2358 περὶ
981 2270 1072 2333 αὐτοῦ
1091 2270 1266 2342 ἐπέστειλαν.
1310 2287 1359 2349 De
1381 2310 1443 2369 quo

112 2391 182 2430 cum
210 2371 396 2450 Borghesius
426 2380 589 2451 exponeret
616 2371 696 2451 Opp.
717 2373 748 2433 V
772 2394 802 2452 p.
824 2374 928 2452 70sq.,
957 2370 1131 2451 descenditur
1157 2383 1370 2464 interpretatus
1398 2403 1444 2455 est

113 2475 238 2550 lopertum
255 2493 313 2551 pro
323 2483 460 2550 praetore
469 2479 638 2551 prouinciae
652 2476 792 2548 Achaiae,
816 2477 834 2536 i.
852 2498 877 2536 e.
900 2479 1101 2556 proconsulis.
1113 2483 1243 2560 legatum
1266 2481 1442 2578 (πάρεδροι),

112 2577 185 2652 quia
211 2585 275 2636 tam
300 2577 417 2636 nullum
439 2579 531 2636 alium
556 2587 682 2639 noverat
704 2579 785 2637 vocis
808 2571 986 2652 δικαιοδότης
1007 2600 1094 2641 usum
1116 2587 1175 2645 nisi
1198 2609 1266 2648 eum
1288 2595 1340 2670 qui
1363 2599 1444 2674 apud

112 2676 295 2739 Strabonem
317 2688 362 2738 est
383 2679 441 2738 797
466 2677 513 2750 0.,
539 2679 591 2738 ubi
613 2680 798 2756 significatur
819 2701 855 2740 ea
876 2701 948 2740 voce
969 2687 1109 2745 turidteas
1132 2687 1338 2754 Alexandriae.
1384 2697 1444 2774 Qui

111 2800 180 2840 cum
202 2782 329 2842 alterum
350 2781 450 2840 locum
472 2781 627 2858 dignitatis
649 2782 726 2840 inter
746 2782 899 2842 Romanos
922 2786 951 2843 in
969 2787 1109 2864 Aegypto
1131 2801 1285 2855 versantes
1307 2803 1444 2876 tenuerit,

111 2885 285 2960 proximum
313 2883 430 2943 scilicet
456 2892 526 2959 post
553 2885 737 2961 praefectum
763 2886 910 2962 Aegypti,
935 2883 1127 2966 'Borghesius
1153 2903 1313 2969 putaverat
1339 2905 1444 2963 eodem

112 2985 204 3046 modo
235 2985 325 3045 etiam
356 3005 424 3044 eum
451 2987 503 3062 qui
532 2986 564 3044 in
592 2987 708 3045 Achaia
735 2989 874 3062 proximo
900 2996 970 3064 post
1002 2995 1212 3066 proconsulem
1243 2998 1312 3060 loco
1344 3003 1445 3078 suerit,

111 3091 131 3148 i.
159 3108 186 3147 e.
213 3088 346 3165 legatum
373 3088 578 3164 proconsulis,
611 3088 654 3147 ita
686 3089 788 3146 vocari
818 3089 961 3164 potuisse.
1012 3092 1041 3148 A
1074 3112 1135 3169 qua
1162 3100 1309 3160 sententia
1335 3113 1445 3180 postea

112 3190 206 3268 (vm
227 3210 256 3268 p,
273 3189 401 3266 tessq.)
424 3209 492 3249 cum
514 3176 619 3249 titulos
642 3187 677 3248 o,
694 3189 719 3248 1.
736 3188 789 3248 cr.
812 3188 904 3248 4236.
925 3191 974 3248 37.
997 3191 1080 3252 4240
1102 3199 1304 3273 cognovisset,
1325 3203 1356 3262 in
1378 3203 1443 3283 qn-

111 3293 170 3353 bug
192 3294 302 3369 [spatas
324 3290 449 3368 Augusti
471 3311 530 3368 pro
553 3301 687 3368 praetore
708 3290 817 3368 [peine
843 3301 869 3350 et
890 3292 1079 3370 Pamphyliae
1105 3297 1149 3355 sic
1170 3311 1307 3376 vocatur,
1333 3305 1376 3364 ita
1396 3327 1443 3366 re·

111 3397 215 3467 cessit,
237 3403 271 3452 ut
292 3393 469 3452 vocabulum
486 3403 622 3453 accurate
643 3393 824 3470 respondere
845 3393 956 3453 diceret
970 3394 1080 3454 Latino
1098 3417 1225 3473 praeses.
1264 3401 1353 3476 Quod
1374 3409 1444 3468 inde

111 3497 270 3568 conclusit,
291 3497 373 3573 quod
395 3493 513 3556 Graeco
535 3489 623 3572 ἁγιιδν
646 3485 820 3564 δικαιοδότηο
847 3507 984 3556 accurate
1004 3500 1220 3574 responderent
1240 3509 1373 3580 praesidi
1393 3511 1445 3568 ah·

112 3601 324 3670 atinenhssimo,
342 3600 476 3674 praesidi
497 3600 675 3673 iateparimo
697 3614 774 3672 quae
794 3597 825 3655 in
847 3598 943 3656 titulis
958 3599 1127 3661 honorariis
1149 3601 1268 3664 Latinis
1289 3608 1444 3671 invenian-

112 3709 171 3763 tur,
215 3699 317 3774 Quare
343 3709 396 3759 aut
418 3701 617 3776 proconsulem
637 3698 769 3759 Acitaiae
791 3709 850 3771 aut,
877 3702 957 3776 quod
979 3697 1090 3778 Sparta
1113 3703 1208 3764 libera
1230 3710 1301 3768 urbs
1324 3713 1353 3770 ei
1374 3715 1444 3772 sub·

113 3803 177 3862 dita
198 3821 259 3861 non
280 3802 379 3873 fuerit,
402 3811 585 3860 correctorem
607 3801 760 3860 liberarant
781 3806 926 3860 ciuitatum
943 3807 1109 3879 prouinciae
1126 3805 1256 3868 Achaiae
1277 3811 1444 3893 intelligen-

114 3905 186 3964 dum·
201 3913 313 3964 censet.
346 3906 447 3980 Atque
469 3903 506 3960 de
520 3903 667 3962 vocabulo
682 3895 860 3973 δικαιοδότης
880 3905 1000 3980 quidem
1015 3914 1046 3964 et
1059 3907 1188 3983 priorem
1204 3920 1234 3970 et
1247 3917 1445 3989 posteriorem

114 4007 278 4086 Borghesii
307 4007 485 4066 sententiam
514 4013 595 4064 recte
621 4022 653 4064 se
681 4005 791 4064 habere
823 4006 982 4078 existim03
1015 4009 1130 4069 scilicet
1161 4013 1272 4089 duplex
1304 4017 1367 4076 eius
1400 4023 1445 4078 vis

114 4109 326 4186 distinguenda
348 4117 403 4166 est.
439 4105 520 4166 Nam
543 4101 725 4164 δικιιιοδοτεῖν
745 4107 921 4166 vocabulum
944 4109 995 4168 ubi
1010 4109 1047 4167 de
1061 4113 1285 4187 magistratibus
1300 4116 1446 4179 Romanis
1549 4138 1558 4154 ·

114 4219 296 4288 usurpatur,
322 4210 505 4286 respondere
527 4207 636 4266 Latino
662 4211 707 4266 ias
730 4211 835 4279 dicae,
863 4208 934 4267 Iulii
955 4211 1083 4268 Antonii
1106 4214 1295 4287 proconsulis
1318 4219 1447 4294 epistola

114 4315 196 4394 apud
218 4313 384 4389 Iosephum
404 4314 476 4370 Ant.
498 4311 565 4370 Ind.
587 4308 675 4380 XVI,
699 4309 727 4379 6,
750 4308 803 4384 71)
826 4309 1020 4369 demonstrat.
1064 4311 1170 4388 Itaque
1192 4307 1365 4386 δικοιοδοόης
1386 4321 1446 4378 uti.
1528 4338 1537 4349 ·

113 4435 171 4494 que
194 4413 344 4493 significat
366 4433 434 4472 eum
455 4414 539 4472 cuius
559 4411 726 4470 iurisdictio
749 4419 808 4483 sst3
832 4411 886 4470 sed
909 4419 961 4470 aut
974 4412 1127 4489 proprium
1143 4413 1336 4489 magistratus
1357 4437 1445 4479 voca·

113 4519 220 4578 bulum
248 4523 303 4588 est,
331 4516 383 4574 ubi
403 4513 513 4574 Latino
535 4515 676 4572 iuridicus
698 4523 833 4571 accurate
854 4514 1032 4590 respondet,
1059 4523 1111 4573 aut
1135 4514 1167 4572 in
1188 4515 1360 4576 universum
1383 4539 1446 4580 nra-

113 4623 272 4698 gistratum
293 4615 462 4676 Romanurn
490 4635 574 4687 eum,
600 4632 692 4691 penes
714 4633 804 4690 quern
831 4614 933 4690 aliquo
959 4615 1047 4674 modo
1068 4615 1235 4675 iurisdictio
1256 4627 1304 4678 est
1324 4620 1445 4700 indicet,

113 4725 180 4783 sive
206 4720 233 4779 is
259 4719 382 4797 proprio
409 4719 530 4777 nomine
550 4717 713 4796 proconsul
742 4718 806 4775 sive
835 4716 952 4793 legatus
973 4717 1105 4794 Augusti
1133 4737 1189 4795 pro
1215 4729 1353 4795 praetore
1381 4727 1446 4786 sive

114 4825 203 4884 aliter
232 4831 365 4881 vocatur.
416 4823 460 4880 At
488 4839 527 4879 ex
553 4819 601 4877 his
628 4819 744 4877 duabus
774 4817 1041 4895 significationibus
1068 4819 1146 4878 hano
1174 4820 1270 4881 solarn
1298 4824 1330 4882 in
1357 4827 1446 4886 titulo

114 4923 268 5004 Spartano
289 4923 406 4983 admitti
429 4939 519 5000 posse
540 4921 609 4980 inde
629 4929 721 4997 patet,
743 4920 823 4996 quod
844 4937 997 4996 nunquam
1018 4920 1049 4978 in
1070 4922 1226 4998 provincia
1245 4925 1362 4988 Achaia
1384 4948 1445 4988 ma·

113 5117 320 5128 —.—-——

193 5234 217 5302 ¹)
245 5227 355 5296 Ἰοιῖλιος
383 5225 514 5293 ’Acriores
540 5223 683 5292 ἆοθιῖιιοτος
709 5228 814 5303 ἔγραψεν
842 5225 968 5298 ’Raecius
991 5223 1105 5306 ἄρχουσι
1130 5233 1215 5310 βουλῇ
1240 5227 1307 5308 δήμῳ
1331 5237 1444 5310 χαίρειν.

115 5331 153 5384 Oi
167 5329 191 5380 ἔν
203 5327 238 5404 τῇ
248 5323 328 5396 Ἀσίᾳ
340 5323 460 5380 Ἰουδαῖοι
474 5323 551 5386 ridete
565 5319 747 5396 Φεβρουαρίοις
766 5321 1027 5378 δικαιοδοτοῦντί
1046 5345 1088 5397 μοι
1106 5325 1130 5379 δν
1141 5321 1242 5397 ’Epiro
1254 5321 1384 5404 halitgar
1397 5341 1445 5384 etc.

1189 5419 1243 5477 18⁰
