3610 5956
329 600 378 670 54
617 615 889 668 snnrrnuuurs
906 615 990 666 vor.
1004 615 1044 666 ιν
1061 614 1367 667 ronrrnmnssvu.
1614 619 1661 670 us

326 791 392 848 Ioh.
413 788 622 848 Wordsworth
649 789 679 846 in
703 786 737 847 Ο.
754 787 778 844 Ι.
792 786 828 845 L.
851 787 911 845 vol.
934 787 1034 862 quarti
1061 805 1187 846 censura
1213 788 1326 846 inserts
1346 786 1453 846 libello
1474 785 1663 848 Londiuensi

331 889 391 948 The
412 889 557 968 Academy
581 890 657 948 1871
683 909 711 964 p.
728 888 789 946 444
815 887 846 962 (c
869 886 1079 964 christophori
1107 888 1203 964 putris
1232 888 1364 964 schedis)
1392 890 1467 948 haec
1493 889 1661 966 praefatus:

328 992 454 1051 n1860
482 991 586 1050 should
612 991 751 1066 certainly
777 1008 833 1047 run
854 989 935 1059 thus,
962 1007 996 1047 or
1020 991 1121 1066 nearly
1148 990 1221 1048 thus.
1236 1021 1279 1032 -
1306 990 1512 1049 Mommsenus
1535 1009 1565 1048 s.
1584 989 1662 1049 1846

327 1093 426 1151 minus
447 1091 592 1168 integram
615 1093 743 1161 videret3
766 1108 822 1166 ego
843 1091 875 1148 in
897 1092 1022 1148 tectorio
1036 1089 1169 1166 Neapoli
1189 1090 1350 1150 adservato
1364 1091 1492 1169 vestigia
1513 1090 1663 1166 quaedum

327 1193 525 1268 deprehendi,
556 1194 609 1251 sed
637 1193 727 1268 pluro
755 1210 833 1249 nunc
858 1199 1017 1266 postquam
1045 1191 1138 1250 totius
1165 1192 1254 1250 lectio
1279 1191 1409 1250 innotuit
1433 1191 1514 1251 houd
1541 1191 1663 1250 difficile

328 1294 448 1370 agnosci
472 1301 622 1369 poterunt.
638 1325 677 1336 -
703 1295 715 1350 l
742 1278 855 1367 Qvol
879 1312 918 1351 ex
938 1292 1119 1350 Mommseni
1141 1293 1315 1370 apographo
1337 1293 1542 1368 reponendum
1566 1303 1623 1352 est.

369 1394 406 1452 In
435 1402 663 1468 contuentem,
695 1412 786 1469 quum
815 1395 950 1468 priorum
981 1401 1146 1469 temporum
1176 1394 1290 1452 incuria
1317 1393 1459 1466 fecimus,
1491 1393 1663 1452 huiusmodi

327 1496 557 1573 inscriptionum
583 1496 700 1554 iactura
725 1513 791 1552 cunr
817 1512 926 1570 magno
953 1511 1043 1568 opere
1071 1494 1233 1570 optandum
1260 1495 1316 1566 sit,
1344 1494 1439 1553 neiis
1461 1512 1539 1571 quse
1562 1512 1662 1553 serve·

328 1604 377 1654 tae
399 1605 471 1655 sunt
492 1596 535 1653 uti
557 1613 752 1671 nequeamus,
774 1613 930 1670 speramus
951 1595 1025 1666 fore,
1047 1604 1081 1653 ut
1096 1595 1351 1654 Wordsworthius
1372 1613 1449 1671 quas
1466 1595 1581 1654 multas
1596 1603 1663 1654 ente

327 1698 384 1755 hos
412 1697 615 1772 quadraginta
641 1714 736 1756 annos
757 1697 789 1755 in
811 1715 898 1754 suum
920 1713 1007 1754 usum
1030 1713 1063 1753 se
1085 1695 1284 1773 descripsisse
1306 1696 1448 1774 Pompeis
1476 1695 1571 1770 dixit,
1597 1714 1662 1754 cum

328 1798 367 1854 iis
390 1797 610 1856 communicare
631 1797 712 1868 velit,
734 1815 861 1872 quorum
883 1797 938 1854 hss
960 1815 1008 1854 res
1030 1814 1213 1874 cognoscere
1235 1799 1367 1856 interest

372 1897 513 1957 Ceterum
540 1898 667 1957 disticho
693 1897 752 1968 illi,
779 1897 860 1974 quod
887 1897 1131 1956 commentarium
1157 1915 1217 1955 non
1240 1897 1405 1969 desiderat,
1432 1897 1541 1956 eddam
1566 1898 1662 1957 simile

330 2000 456 2058 alterum
477 2001 586 2058 lectum
610 2019 628 2056 a
649 2018 695 2057 me
716 1998 832 2056 Romae
852 1998 884 2055 in
907 1999 1017 2056 montis
1038 1998 1172 2056 Palatini
1192 1999 1350 2075 parietinis
1372 1999 1442 2056 hocr

510 2134 656 2195 OMNIA
678 2131 926 2193 FORMONSIS
950 2131 1081 2192 CVPIO
1104 2133 1287 2193 DONARli
1310 2133 1479 2196 PVHLUS

567 2234 657 2294 SIIT
681 2234 787 2314 MIHI
808 2232 875 2291 DII
898 2255 905 2269 ·
926 2232 1116 2294 POPVLO
1138 2234 1302 2295 NVLLA

567 2332 987 2396 strutus-PLACHT

1301 2520 1336 2580 0.
1358 2522 1620 2582 ziuornrrsrrn.
