3610 5956
356 560 403 631 68
929 573 1113 628 88881888

355 751 523 811 doctissimi
545 760 575 809 et
596 749 774 808 sanctissimi
798 753 906 809 nomen
926 751 987 808 iam
1009 749 1089 826 apud
1111 756 1232 808 nostrae
1251 749 1324 806 artis
1338 749 1475 810 homines
1491 751 1598 808 merito
1610 750 1676 808 inia-

355 864 467 914 matum
490 862 550 924 est;
571 851 767 926 similiterque
790 861 858 910 ante
880 852 935 910 laos
956 851 1060 927 viginti
1082 868 1177 909 annos
1198 851 1231 908 in
1252 851 1327 910 actis
1349 853 1501 910 societatis
1518 849 1677 912 saxonicae
1728 925 1733 937 Ι

355 954 521 1013 minoribus
543 972 569 1011 a.
595 953 674 1012 1850
697 972 726 1028 p.
750 951 810 1011 294
836 953 939 1012 monui
961 952 1047 1010 citari
1069 951 1151 1028 apud
1172 950 1334 1011 Gruterum
1356 960 1500 1029 excerpta
1522 971 1563 1010 ex
1583 952 1676 1010 codice

354 1057 457 1131 aliquo
483 1054 643 1114 cardinalis
670 1053 835 1131 (impensis
861 1055 940 1111 18818
966 1070 985 1109 a
1007 1052 1128 1111 Metello
1154 1053 1274 1110 homine
1299 1053 1372 1112 item
1399 1053 1628 1113 accuratissimo
1652 1061 1677 1110 et

354 1156 582 1232 religiosissimo
608 1156 737 1214 formata
757 1155 811 1213 ilia
831 1173 870 1213 ex
894 1154 1086 1212 Iucundienis
1108 1161 1253 1231 perpetus
1275 1154 1422 1238 foedaque
1445 1153 1676 1231 interpolatione.

353 1256 516 1335 Coepimas
547 1257 639 1333 igitur
672 1257 807 1315 diffidere
833 1255 1024 1331 aliquatenus
1051 1253 1243 1314 Gruterianis
1269 1255 1327 1327 his,
1359 1256 1423 1314 sive
1449 1255 1614 1315 Ursiniana
1639 1253 1676 1311 di-

353 1359 460 1420 cuntar
481 1360 546 1420 sive
559 1357 733 1417 Metelliana
755 1358 820 1417 sive
836 1355 1091 1427 Gutcnsteniena;
1114 1357 1167 1415 sed
1189 1374 1254 1414 cum
1277 1357 1344 1434 ipsa
1363 1356 1532 1416 interierint
1554 1357 1632 1434 (nam
1650 1357 1676 1414 ia

352 1463 457 1538 paucis
479 1459 657 1520 schedarum
674 1457 921 1517 Gruterieaarum
943 1458 1077 1533 reliquiis
1093 1475 1170 1533 quae
1186 1465 1346 1532 supersunt
1360 1458 1391 1515 in
1405 1458 1590 1517 bibliotheca
1602 1457 1676 1534 Iang-

352 1562 480 1620 dunensi
502 1559 759 1620 Gutenstenianae
780 1559 882 1617 nullae
903 1557 1100 1635 comparent),
1122 1559 1265 1635 perierint
1290 1560 1360 1617 item
1383 1579 1448 1618 cum
1471 1577 1591 1619 summo
1612 1559 1675 1616 artis

351 1673 473 1721 nostrae
494 1661 603 1719 damno
618 1659 781 1719 Ursiniana
802 1660 864 1718 iere
886 1660 1036 1729 universa,
1058 1659 1233 1720 Metelliana
1254 1659 1381 1736 denique
1401 1661 1539 1736 pleniora
1552 1679 1618 1720 esse
1630 1678 1676 1736 po·

352 1763 464 1822 tuerint
489 1769 558 1820 ante
579 1763 637 1819 tria
657 1761 778 1820 8888818
799 1761 880 1837 apud
897 1761 1056 1820 Vallaeum
1080 1778 1170 1836 quam
1193 1778 1272 1818 nunc
1294 1763 1415 1820 suntin
1430 1760 1581 1822 Vaticana
1606 1761 1675 1838 (cod.
1763 1827 1764 1836 Ι

353 1863 444 1922 6034.
468 1862 682 1921 coti-6040.
706 1861 818 1938 8495),
844 1871 914 1939 8881
935 1863 1096 1920 iudicatam
1118 1862 1154 1920 de
1176 1861 1281 1920 fraude
1302 1862 1512 1938 quaestionem
1535 1863 1627 1922 altera
1645 1863 1676 1920 de
1763 1877 1764 1890 *

350 1965 466 2024 fraudis
493 1974 614 2023 auctore
641 1964 785 2022 remansit
811 1964 868 2022 sub
893 1964 1000 2022 iudice.
1042 1963 1109 2022 Iam
1136 1981 1207 2021 vero
1234 1981 1324 2040 opere
1351 1965 1532 2040 procedente
1552 1963 1675 2039 intellep'

351 2076 490 2143 coeptum
514 2073 561 2122 est
582 2065 680 2140 ipsam
704 2063 936 2124 Gutenstenium
959 2072 1020 2123 tam
1042 2065 1073 2122 in
1095 2064 1190 2123 titulis
1212 2082 1302 2140 quam
1323 2065 1355 2122 ia
1376 2066 1496 2125 schedis
1517 2066 1675 2125 (1888811188-
1703 2131 1705 2138 Ι

350 2167 396 2225 dis
419 2167 499 2226 mala
518 2165 625 2224 fraude
647 2184 707 2225 non
728 2185 798 2225 raro
820 2183 908 2224 usum
930 2183 1006 2235 esse,
1027 2166 1059 2223 id
1080 2172 1128 2224 est
1146 2166 1207 2223 alia
1221 2166 1339 2241 quidem
1355 2166 1483 2226 fideliter
1498 2187 1568 2227 eum
1589 2167 1629 2226 ita
1648 2173 1674 2223 81

349 2276 504 2344 acceperat
518 2268 680 2338 rettulisse,
703 2268 764 2325 alia
778 2285 848 2325 vero
870 2285 967 2343 88888
983 2284 1020 2324 ea
1033 2285 1130 2344 pauca
1144 2276 1196 2326 aut
1212 2268 1411 2343 interpolasse
1426 2275 1477 2328 aut
1492 2270 1674 2328 confinxisse.

350 2369 385 2428 ld
412 2369 455 2427 ita
483 2387 551 2428 esse
578 2369 638 2427 iam
667 2369 887 2436 demonstrabo,
922 2369 976 2426 sed
1007 2367 1151 2440 breviter3
1184 2387 1281 2445 neque
1310 2370 1387 2428 enim
1419 2371 1619 2447 postulamus,
1647 2376 1675 2426 ut
1764 2409 1765 2424 2

350 2471 449 2528 taedia
481 2487 559 2545 quae
590 2487 646 2529 nos
680 2469 890 2528 devoravimus
922 2469 1024 2526 omnia
1054 2470 1106 2545 qui
1139 2470 1213 2529 haec
1244 2470 1348 2546 legunt
1376 2471 1448 2529 item
1480 2473 1676 2550 perpetiantur

350 2589 447 2647 neque
468 2571 566 2629 iustae
587 2571 620 2628 in
643 2571 695 2628 tali
717 2571 894 2646 quaestione
916 2569 1120 2629 studiosorum
1141 2571 1345 2648 impatientiae
1367 2573 1588 2632 obliviscemur.

437 2674 463 2729 1.
507 2669 712 2743 Urbanas-om,
740 2689 815 2747 8888
843 2669 990 2730 Gruterus
1018 2671 1060 2730 ait
1082 2673 1163 2730 visas
1192 2689 1261 2731 esse
1283 2670 1498 2747 Gatenstenio,
1525 2675 1674 2753 pleraeque

349 2773 499 2850 genuinae
530 2779 601 2832 sunt
629 2783 659 2830 ct
686 2781 765 2830 88818
793 2779 823 2831 81
850 2773 944 2848 probe
972 2771 1156 2849 descriptae,
1188 2774 1319 2833 maxime
1346 2784 1484 2834 servatae
1512 2785 1576 2836 tum
1604 2773 1673 2850 apud

351 2871 545 2933 Gutsnstenii
571 2879 729 2949 patronum
751 2871 912 2932 Horatium
933 2871 1108 2944 Valleeunr,
1131 2880 1164 2931 nt
1186 2871 1273 2933 Grut.
1298 2874 1388 2949 1083,
1411 2875 1429 2935 8
1453 2877 1506 2952 (=
1531 2876 1586 2946 VI,
1608 2873 1672 2949 851)

349 2974 389 3032 J..
408 2973 522 3033 Valerio
543 2974 641 3034 Volcae
656 2982 722 3045 cet,
745 2993 839 3051 nuper
858 2972 1009 3033 custodite
1023 2975 1103 3050 apud
1119 2974 1223 3048 Feam,
1245 2986 1275 3034 et
1290 2974 1378 3036 Grai.
1396 2977 1485 3050 1013,
1505 2978 1544 3036 10
1559 2978 1609 3055 (=
1625 2974 1672 3046 vi,

353 3075 425 3150 110)
447 3078 556 3134 numini
569 3075 669 3134 Fortia
690 3076 815 3134 Fortuna
835 3084 901 3148 eet,
923 3084 1064 3150 prostans
1085 3075 1176 3134 hodie
1198 3077 1229 3134 in
1251 3095 1355 3137 museo
1370 3077 1589 3154 Neapolitano;
1609 3079 1671 3137 item

350 3196 428 3254 quae
454 3183 516 3234 tum
543 3175 600 3234 tuit
625 3177 657 3234 ia
683 3175 813 3235 ecclesia
839 3173 871 3234 S.
897 3175 1011 3234 1188188
1039 3176 1078 3236 ad
1104 3179 1198 3235 Aram
1224 3177 1312 3249 caeli,
1345 3197 1422 3237 nunc
1449 3187 1497 3238 881
1523 3181 1555 3240 in
1581 3197 1673 3240 museo

350 3277 522 3355 Capitolino
544 3295 597 3336 ara
611 3279 690 3336 Isidi
711 3295 797 3336 sacra
812 3275 900 3336 Grut.
917 3276 967 3348 83,
986 3277 1023 3335 10
1040 3278 1092 3354 (=
1104 3277 1158 3348 VI,
1174 3277 1259 3354 351).
1296 3277 1356 3339 Sed
1377 3289 1439 3340 tres
1459 3300 1540 3358 qnae
1555 3297 1673 3360 sequun-

349 3391 399 3439 tur
420 3381 492 3439 item
512 3397 532 3436 a
553 3376 753 3437 Gutenstenio
776 3379 827 3454 881
849 3378 956 3437 viderit
980 3378 1091 3437 relatae
1112 3396 1208 3454 neque
1230 3381 1267 3439 ab
1290 3381 1351 3438 alio
1373 3399 1521 3458 quoquam
1546 3383 1591 3443 vel
1613 3390 1673 3440 anto

349 3481 432 3540 visse
454 3480 502 3538 vel
523 3489 630 3555 postea
651 3479 812 3538 difficulter
832 3487 991 3556 patronum
1012 3481 1235 3551 nanciscentur;
1264 3489 1333 3540 sant
1355 3493 1454 3542 autem
1477 3483 1546 3544 bae.

458 3624 558 3675 Romae
592 3625 659 3674 basis
692 3626 759 3675 18188
791 3625 844 3676 8118
873 3641 1001 3676 marmora
1028 3641 1094 3691 quae
1124 3627 1159 3676 ad
1185 3627 1309 3677 fabricam
1338 3629 1372 3680 D.
1400 3630 1471 3680 Petri
1498 3631 1526 3681 in
1556 3632 1672 3684 Vaticano

460 3721 587 3766 secantur.

504 3807 570 3870 Imp.
596 3805 671 3856 Caes.
696 3807 726 3856 1..
750 3807 877 3872 Septimio
901 3807 998 3860 Severo
1021 3804 1026 3871 Ι
1052 3808 1101 3859 Pio
1120 3809 1251 3860 Pertinaci
1276 3818 1347 3874 pont.
1372 3826 1442 3862 max.
1461 3812 1521 3863 trib.
1542 3823 1595 3880 pot.
1613 3811 1671 3863 Vlll

504 3898 566 3963 imp.
586 3897 628 3947 1x
652 3911 704 3948 cos.
724 3899 766 3950 111
786 3896 791 3962 Ι
816 3915 841 3963 p.
862 3914 901 3963 p.;
922 3901 984 3965 imp.
1006 3899 1079 3950 Caes.
1099 3901 1137 3950 Μ.
1157 3902 1266 3951 Aurelio
1285 3904 1420 3952 Antonino
1446 3902 1450 3968 Ι
1474 3905 1532 3956 tn'b.
1554 3913 1605 3971 pot.
1623 3901 1671 3954 llII

507 4003 558 4038 cos.
578 3989 607 4040 11
625 3989 736 4054 principi
758 3986 762 4053 Ι
786 3991 830 4054 818
848 3991 919 4040 181181
939 4026 945 4040 .
966 4025 973 4040 .
994 4025 1001 4041 .
1022 4026 1028 4041 .
1048 4000 1094 4042 nat
1095 4026 1211 4042 .....
1228 3990 1233 4056 Ι
1254 3993 1336 4042 Iuliae
1355 3995 1423 4060 Aug.
1448 3997 1524 4046 matri
1543 4000 1611 4062 Aug.
1628 3994 1631 4060 Ι
1650 4002 1671 4042 81

504 4086 610 4130 castros.
631 4088 656 4129 81
671 4077 675 4143 Ι
692 4087 795 4131 8888188
812 4080 817 4146 Ι
832 4082 969 4146 collegium
989 4096 1078 4147 augur.
1096 4080 1100 4146 Ι
1115 4097 1141 4147 p.
1161 4099 1187 4147 p.

460 4169 534 4222 (irat
557 4172 619 4234 264,
640 4171 665 4222 ⁵.
701 4162 822 4223 ‘Grutcro
842 4172 961 4224 Guteast.
981 4175 1024 4239 qni
1043 4165 1124 4223 vidit.¹

461 4367 560 4420 Romae
579 4371 647 4420 inter
665 4385 803 4433 marmora,
823 4385 889 4436 quae
907 4377 1028 4435 aptantur
1045 4371 1159 4422 fabricae
1177 4372 1212 4422 D.
1231 4372 1302 4422 Petri
1321 4373 1349 4422 ia
1367 4373 1504 4424 Vaticano.

504 4460 594 4511 DDD.
617 4478 680 4512 nnn.
704 4459 709 4526 Ι
736 4462 920 4513 Valentiniano
946 4460 950 4528 Ι
974 4462 1078 4512 Valenti
1101 4470 1127 4512 81
1151 4460 1154 4526 Ι
1181 4462 1308 4515 Gratiano
1332 4467 1437 4529 Auggg.
1464 4465 1468 4531 Ι
1493 4467 1542 4530 8118
1565 4463 1670 4516 felicibus

505 4565 535 4600 ac
552 4551 556 4616 Ι
572 4566 674 4618 semper
686 4554 839 4604 triumietor.
856 4551 861 4618 Ι
877 4555 978 4618 signum
991 4553 1096 4604 Herculi
1115 4553 1172 4603 vict.
1189 4551 1194 4617 Ι
1211 4555 1244 4604 ob
1263 4570 1327 4620 pror
1328 4591 1444 4606 .....
1462 4555 1467 4622 Ι
1483 4566 1537 4608 8881
1538 4588 1646 4608 .....
1664 4547 1669 4617 Ι

504 4641 1084 4709 888811...,Ι88118ΧΙ....18ΧΧ

461 4729 536 4782 (irat
559 4735 637 4795 1013,
659 4737 684 4786 5.
719 4725 1204 4800 ’0881888(181888188188881818111.

461 4925 559 4978 Romae
582 4929 648 4979 inter
673 4931 772 4996 lapidea
795 4933 841 4997 qui
863 4933 891 4983 in
914 4947 989 4983 usum
1012 4931 1126 4982 fabricae
1149 4932 1184 4983 D.
1209 4933 1281 4984 Petri
1303 4941 1422 4984 secantur
1446 4935 1514 4986 basis
1537 4941 1669 4986 marmorea

461 5017 551 5068 fracta.

504 5109 633 5160 Felicitati
652 5107 657 5174 Ι
680 5111 771 5162 domas
790 5116 899 5179 August.
922 5114 926 5180 Ι
949 5150 1065 5165 .....
1088 5113 1093 5180 Ι
1115 5113 1259 5164 officiorum
1279 5131 1295 5165 o
1315 5153 1321 5166 .
1342 5152 1348 5166 .
1369 5153 1376 5166 .
1397 5153 1404 5168 .
1421 5113 1426 5180 Ι
1450 5117 1481 5168 Τ.
1502 5115 1668 5173 8811881111·

504 5202 513 5251 l
514 5237 631 5252 .....
648 5199 1269 5273 ΙΤ.1811888188.1....Ι...88....

952 5327 970 5357 F
