3610 5956
140 2217 232 2330 llum
256 2287 295 2331 ec
317 2272 511 2350 perventum
535 2251 634 2346 esset,
658 2271 696 2328 ut
717 2263 949 2350 inscriptiones
972 2263 1113 2330 Latinae
1129 2285 1196 2350 per
1217 2262 1282 2328 tria
1303 2263 1372 2329 fere
1395 2285 1466 2329 sae·

140 2379 216 2445 cula
228 2380 398 2468 neglectae
415 2383 451 2444 et'
461 2387 591 2444 tantum
607 2401 675 2444 non
690 2377 867 2445 derelictae
882 2379 1014 2466 publice
1025 2378 1158 2465 prodire
1171 2378 1353 2464 inciperent
1367 2401 1467 2464 opera

140 2516 266 2576 eorum,
290 2517 373 2580 quos
396 2493 578 2559 Academia
601 2492 820 2561 scientiarum
838 2493 1062 2560 Berolinenais
1086 2494 1116 2559 ei
1138 2494 1273 2582 negotio
1297 2493 1467 2578 praefecit,

140 2609 298 2674 collectae
325 2607 517 2696 recognitae
546 2617 765 2696 expurgatae,
796 2608 901 2674 eidem
924 2608 1124 2675 Academiae
1152 2609 1261 2674 visum
1290 2617 1341 2674 est
1369 2631 1467 2694 quam

139 2723 280 2809 primum
304 2745 417 2788 curam
441 2745 551 2811 agere,
573 2731 612 2788 ut
634 2731 751 2808 postea
772 2732 922 2810 repertae
944 2724 1023 2790 item
1046 2732 1320 2810 componerentur
1335 2724 1469 2809 supple-

81 2841 85 2846 ’
139 2848 390 2924 meritorumque
414 2835 569 2923 deinceps
589 2837 791 2903 edendorum
806 2849 974 2924 tamquam
992 2838 1153 2924 quaedam
1172 2837 1387 2904 fundamenta
1403 2848 1468 2904 sta-

138 2953 198 3019 tim
221 2954 417 3018 iacerentur.
463 2951 551 3016 Nam
573 2961 611 3016 ut
635 2953 664 3017 ei
688 2953 745 3038 qui
768 2952 902 3018 domum
927 2953 1113 3020 aedificavit
1134 2954 1213 3018 item
1236 2953 1405 3036 incumbit,
1432 2962 1469 3018 ut

139 3069 227 3134 iusto
251 3077 400 3153 tempore
423 3067 585 3132 instauret
609 3089 680 3132 eum
703 3075 738 3132 et
760 3067 898 3151 reficiat,
920 3069 967 3133 ita
991 3069 1047 3154 qui
1071 3067 1231 3134 eiusmodi
1253 3090 1374 3153 corpus
1392 3091 1469 3133 con·

140 3183 235 3266 dunt,
258 3182 426 3269 ingentem
448 3181 595 3247 laborem
618 3181 725 3266 perire
749 3182 860 3247 sinunt
884 3192 917 3248 et
940 3181 1029 3268 quod
1051 3183 1174 3250 factum
1191 3191 1244 3248 est
1257 3205 1371 3248 rursus
1388 3206 1470 3268 quo-

141 3295 318 3362 dammodo
346 3295 503 3361 infectum
531 3294 691 3376 reddunt,
720 3296 748 3360 si
776 3317 848 3362 eam
876 3317 988 3361 curam
1015 3305 1164 3393 tempore
1193 3296 1278 3361 finiri
1300 3297 1470 3382 patiuntur

140 3433 203 3477 sua
237 3417 355 3474 natura
384 3419 577 3496 perpetuam
609 3432 716 3495 neque
747 3409 945 3498 intellegunt
974 3433 1058 3495 opus
1089 3433 1162 3476 esse
1190 3419 1322 3497 praeter
1351 3432 1470 3496 corpus

140 3525 250 3613 ipsum
278 3523 508 3590 additamentis
538 3523 580 3589 ad
607 3523 642 3589 id
671 3524 845 3590 continuis.
892 3524 986 3590 Haec
1016 3525 1101 3589 enim
1129 3523 1320 3590 cothorum
1345 3524 1470 3590 studio·

141 3663 213 3706 rum
242 3639 410 3722 condicio,
440 3648 479 3705 ut
506 3661 589 3724 quae
618 3639 765 3724 quotidie
796 3637 996 3704 effodiuntur
1023 3647 1091 3704 tam
1114 3639 1147 3704 in
1170 3639 1268 3704 Italia
1291 3663 1388 3725 quam
1412 3663 1472 3726 per

142 3755 270 3841 imperii
291 3753 432 3820 Romani
461 3753 549 3839 quod
578 3753 640 3818 fuit
666 3754 871 3840 provincias,
900 3777 940 3819 ea
970 3755 998 3820 si
1028 3754 1159 3839 quidem
1183 3755 1295 3820 statim
1319 3754 1470 3836 eduntur,

142 3869 331 3948 inserantur
353 3867 618 3955 ephemeridibus
641 3868 850 3954 potissimum
875 3877 908 3934 et
931 3868 1171 3935 academiarum
1191 3870 1351 3935 maiorum
1366 3869 1472 3934 mino-

143 4007 256 4050 rumve
285 3984 367 4049 actis
396 3992 429 4048 et
455 3982 577 4049 libellis
604 3982 638 4047 in
661 3982 907 4069 municipalium
931 3983 1041 4070 potius
1067 3993 1100 4049 et
1123 3984 1373 4070 provincialium
1397 4007 1471 4071 gra-

143 4098 222 4164 tiam
254 4121 353 4183 quam
384 4097 593 4162 eruditorum·
615 4097 760 4162 omnium
789 4098 935 4183 scriptis,
966 4107 1138 4186 praeterea
1165 4099 1270 4164 multa
1294 4122 1406 4164 eorum
1429 4121 1471 4164 ne

142 4211 306 4297 prodeant
330 4211 474 4298 quidem,
498 4234 573 4277 curu
596 4211 728 4277 occasio
753 4209 871 4276 edendi
894 4212 1037 4280 deficiat.
1083 4213 1137 4278 Ita
1160 4212 1209 4296 fit,
1232 4221 1270 4278 ut
1294 4234 1379 4298 quae
1402 4213 1471 4278 fora

143 4327 263 4394 obtulit
285 4327 478 4414 plerumque
500 4335 578 4413 post
601 4349 704 4392 annos
729 4325 859 4391 demum
881 4327 922 4392 iis
943 4329 1153 4393 innotescant
1169 4350 1307 4413 quorum
1323 4327 1470 4392 interest.

144 4440 231 4509 Sane
262 4442 318 4527 qui
347 4443 380 4507 in
409 4441 461 4509 his
490 4441 608 4508 studiis
638 4463 773 4526 operam
802 4442 915 4526 posuit
944 4443 972 4507 si
1002 4442 1180 4530 cogitabit,
1211 4465 1275 4527 qua
1302 4442 1471 4508 molitione

144 4579 227 4644 opus
254 4558 339 4622 foret
363 4555 406 4622 ad
428 4557 678 4642 inscriptionum
708 4579 768 4640 per
794 4555 856 4622 hos
888 4556 1001 4621 decern
1030 4579 1134 4622 annos
1161 4557 1329 4643 proximos
1357 4558 1472 4622 inven-

143 4681 250 4737 tarum
273 4671 393 4737 iustam
416 4671 568 4737 notitiam
593 4669 866 4755 comparandam,
893 4693 960 4735 non
983 4671 1134 4758 negabit,
1156 4673 1220 4739 nisi
1244 4694 1322 4738 cura
1345 4670 1472 4752 eadem,

144 4809 209 4872 qua
237 4785 281 4851 ad
310 4807 430 4874 corpus
458 4786 709 4872 inscriptionum
732 4785 929 4852 Latinarum
957 4785 1089 4852 tandem
1121 4787 1298 4873 aliquando
1322 4787 1472 4871 perveni·

143 4923 228 4984 mus,
251 4910 329 4986 post
351 4901 387 4967 id
410 4901 598 4968 absolutum
623 4911 755 4968 strenue
780 4901 1001 4983 continuetur,
1022 4887 1100 4987 prist
1124 4902 1206 4968 alios
1229 4902 1344 4969 decem
1368 4921 1472 4966 annos

144 5013 178 5080 in
199 5015 470 5102 inscriptionibus
495 5015 551 5101 qui
575 5016 745 5082 elaborent
768 5037 881 5082 rursus
904 5015 1088 5084 nesciturus
1112 5040 1197 5101 esse,
1219 5017 1472 5084 instrumentum

145 5130 368 5197 necessarium
392 5130 479 5197 unde
503 5139 644 5199 sumant.

1233 5241 1268 5300 l}
