3578 5962
378 570 453 648 294
949 586 1132 642 uonmsnu
1251 609 1259 617 -

378 766 516 826 ordinatu
535 763 631 842 sucipi
651 778 744 839 posse
765 777 851 838 nego,
873 777 1010 836 quueque
1030 759 1073 818 ibi
1092 758 1222 839 legimus
1242 775 1425 837 quemquam
1445 759 1542 837 primo
1564 762 1706 840 adspectu

377 867 542 940 offendunt,
564 867 654 925 rebus
676 871 814 924 securute
835 861 979 938 expensis
999 866 1078 921 recte
1092 859 1182 938 plsue
1204 877 1237 920 sc
1252 861 1371 921 hebent.
1406 859 1487 922 Num
1507 855 1591 941 quod
1613 864 1708 926 adhuc

377 970 557 1029 credidimus
582 975 671 1027 sexto
699 964 819 1024 sseculo
845 963 944 1023 nullus
973 962 1110 1022 civitutes
1131 960 1267 1023 Graecus
1288 962 1433 1023 Romanu
1454 965 1640 1042 stipendium
1660 986 1707 1044 pe·
1787 1017 1788 1038 ,

377 1071 529 1152 pendisse,
554 1068 588 1132 id
612 1075 727 1127 tuntum
754 1065 849 1138 ubest,
874 1071 908 1123 ut
935 1063 1056 1140 proburi
1082 1063 1189 1142 possit,
1210 1071 1244 1123 ut
1263 1063 1393 1124 fortusse
1412 1065 1503 1125 etium
1524 1069 1707 1128 contrarium

377 1175 476 1254 possit
501 1169 707 1232 demonstrari
750 1165 831 1227 Num
862 1167 894 1225 iu
920 1165 1055 1246 isthmiis
1084 1165 1146 1225 illis
1175 1165 1365 1226 Flamininus
1395 1167 1559 1245 plerosque
1590 1169 1706 1246 quidem

377 1273 527 1338 Graeciae
546 1271 674 1351 populos
695 1269 807 1329 liberos
828 1279 859 1328 et
879 1269 1025 1328 immunes
1047 1267 1112 1326 suis
1131 1266 1248 1344 legibus
1269 1283 1380 1328 usuros
1399 1285 1467 1328 csse
1486 1271 1707 1346 pronuntierit3

377 1385 410 1438 nt
429 1396 502 1436 num
515 1376 573 1434 hoc
594 1374 683 1433 etium
698 1373 736 1432 sd
750 1370 884 1431 Boeotos
897 1369 1075 1447 pervenerit,
1095 1368 1258 1429 admodum
1271 1368 1395 1429 dubium
1416 1377 1472 1430 est.
1503 1352 1589 1430 'Num
1607 1372 1706 1450 puullo

376 1485 447 1539 unte
467 1497 536 1538 cum
556 1475 648 1534 iidem
669 1492 725 1534 uec
744 1491 800 1550 pro
822 1471 991 1549 quingentis
1012 1471 1156 1530 militibus
1177 1469 1321 1530 Romanis
1342 1471 1374 1530 in
1395 1469 1523 1530 Boeotis
1541 1473 1706 1534 interiectis

374 1581 548 1658 impositum
577 1576 636 1635 sibi
661 1565 784 1635 multum
807 1573 1036 1652 quingentorum
1062 1572 1243 1632 talentorum
1263 1571 1414 1633 solverent
1437 1591 1494 1637 uec
1514 1575 1628 1634 noxios
1651 1585 1707 1634 trs·

375 1682 490 1754 derent,
512 1681 578 1756 ipsc
600 1695 652 1738 eos
671 1677 752 1736 bello
773 1692 937 1755 eggressus
957 1681 1005 1734 est
1022 1675 1207 1752 vastatisque
1226 1674 1308 1752 sgr-is
1330 1683 1361 1734 et
1374 1672 1515 1735 Coronen
1532 1687 1707 1756 oppugnare

376 1799 445 1843 cum
461 1780 582 1841 tandem
603 1779 631 1839 ei
653 1795 691 1850 se¹
704 1773 923 1854 permisissent,
944 1779 1033 1836 iussis
1054 1777 1168 1836 baden
1187 1778 1288 1844 eustos
1309 1785 1336 1836 ct
1355 1777 1461 1838 uuus
1479 1779 1593 1838 mmm
1609 1778 1709 1837 XXX

374 1885 501 1960 conferre
522 1883 628 1941 talentu
645 1898 709 1958 pus
730 1881 801 1938 datu
822 1887 848 1937 ct
870 1878 907 1937 ab
924 1880 1134 1955 oppupsutious
1154 1895 1293 1938 recessum
1306 1876 1388 1953 (Lis.
1404 1877 1455 1950 3³,
1469 1876 1536 1956 29).
1563 1879 1707 1960 1Τι·ῑςίιιῐι
1787 1945 1788 1964 ¹

375 1983 487 2045 talentu
506 1992 578 2061 post
595 1983 709 2042 bellum
730 1985 838 2040 exacte
857 1997 923 2039 esse
937 1979 1049 2038 multse
1068 1979 1188 2038 nomine
1207 1979 1262 2039 vix
1283 1979 1489 2056 credipotest,
1511 1998 1580 2040 cum
1602 1981 1706 2041 eodem
1787 1967 1788 1970 ¹

373 2085 495 2146 nominc
516 2091 584 2144 unte
598 2081 712 2142 bellum
726 2083 890 2160 quingente
904 2081 1145 2157 postularentur3
1165 2080 1259 2140 immo
1274 2079 1418 2140 tributum
1433 2098 1566 2140 annuum
1579 2081 1640 2142 hoc
1652 2083 1707 2143 tuit

372 2185 497 2247 Boeotis
517 2205 554 2246 eo
572 2192 706 2262 tempore
726 2182 899 2262 impositum
920 2181 952 2240 id
971 2181 1083 2258 ipsum,
1104 2181 1190 2241 cuius
1212 2181 1347 2241 meminit
1366 2183 1707 2260 senatusconsultum1),

372 2289 550 2366 videturque
581 2285 631 2345 hic
664 2301 783 2364 quoque
812 2281 920 2342 Livius
952 2281 1124 2361 Polybiane
1153 2283 1231 2342 mule
1261 2283 1441 2360 corrupisse.
1494 2280 1584 2357 Quod
1610 2285 1639 2346 si
1670 2286 1705 2344 sb

373 2407 401 2450 s.
422 2390 494 2450 inde
515 2388 575 2448 558
601 2388 634 2446 iu
659 2386 803 2446 universe
824 2382 953 2445 Graecis
973 2382 1081 2444 Boeoti
1108 2383 1166 2443 soli
1187 2391 1240 2442 sut
1259 2383 1323 2444 fere
1343 2383 1404 2442 soli
1424 2383 1570 2446 Romsnis
1592 2387 1704 2464 stipen-
1787 2377 1788 2446 ἶ

371 2489 462 2551 diarii
481 2499 581 2562 erent,
606 2489 667 2548 ium
692 2493 788 2566 putet,
815 2505 869 2546 cur
893 2485 1073 2564 quicumque
1097 2485 1202 2545 hostes
1223 2483 1369 2544 Romsuis
1395 2483 1574 2561 existerent,
1604 2489 1703 2548 socios

370 2591 506 2653 Boeotos
535 2609 568 2651 sc
599 2589 755 2649 habituros
785 2605 854 2648 esse
881 2586 1066 2647 confiderent
1090 2595 1122 2647 et
1150 2587 1324 2664 plerumque
1351 2586 1509 2660 baberent3
1542 2593 1575 2648 ut
1607 2591 1704 2649 evenit

371 2693 404 2753 in
429 2693 511 2753 bello
532 2690 716 2750 Antiochino
742 2687 824 2766 (Liv.
848 2688 898 2761 35,
921 2685 969 2747 47.
993 2687 1043 2762 36,
1066 2687 1095 2748 6.
1117 2686 1166 2747 20.
1192 2687 1302 2765 Polyb.
1326 2683 1376 2761 20,
1400 2688 1428 2762 7,
1452 2687 1486 2764 3)
1511 2687 1647 2768 itemque
1672 2691 1701 2750 in

370 2791 506 2864 Persico,
527 2801 561 2850 ut
580 2809 673 2866 supra
687 2787 826 2848 vidimus.
843 2821 886 2832 -
907 2787 1094 2867 Stipendium
1115 2797 1215 2850 sutem
1228 2789 1401 2866 impositum
1422 2805 1491 2850 esse
1508 2791 1630 2869 populis
1645 2811 1702 2852 non
1787 2807 1788 2810 ’

370 2893 462 2956 simul
481 2893 514 2954 in
534 2890 706 2970 provinciae
730 2889 858 2949 formum
883 2887 1014 2951 reductis
1035 2897 1151 2950 tentum
1172 2891 1272 2965 abest,
1297 2898 1332 2949 ut
1352 2889 1505 2951 offendere
1525 2891 1645 2969 debent,
1670 2901 1701 2954 ut

335 3039 336 3044 η
369 2995 525 3075 idipsum
550 2993 654 3072 puullo
682 3000 752 3070 post
777 2989 809 3051 in
833 2991 957 3071 illyrico
985 2991 1066 3070 (Lis.
1089 2991 1139 3066 45,
1162 2989 1216 3070 26)
1241 2999 1271 3052 et
1295 2992 1328 3052 iu
1348 2991 1526 3053 Mucedonie
1546 2991 1631 3072 (niv.
1652 2997 1700 3070 45,
1787 3001 1788 3004 ’

369 3095 425 3174 29)
447 3097 518 3157 item
539 3097 653 3156 fuctum
675 3094 723 3154 sit.
1787 3149 1788 3162 ,

453 3196 560 3276 Cupite
582 3205 690 3275 qusrto
713 3194 756 3270 (v.
772 3193 910 3274 27—31)
933 3195 1033 3275 egitur
1053 3195 1091 3256 de
1111 3195 1276 3257 moenibus.
1310 3193 1423 3274 Oppidi
1436 3197 1558 3257 moenis
1578 3205 1697 3260 senstus
1787 3207 1788 3276 ᾗ

368 3297 453 3360 iubet
477 3298 571 3371 dirui,
599 3307 632 3357 ut
656 3307 766 3376 posteo
790 3297 952 3358 Mummius
986 3297 1164 3376 oppidorum
1190 3315 1269 3376 quse
1289 3295 1435 3359 Romanis
1458 3298 1489 3358 vi
1519 3299 1700 3360 restitissent
1787 3295 1788 3334 ³

368 3402 502 3462 emnium
523 3400 643 3460 moenis
667 3399 759 3458 diruit
781 3397 925 3474 (Psussn.
948 3397 977 3474 2,
1002 3401 1030 3473 1,
1052 3397 1081 3459 2.
1104 3399 1133 3473 7,
1157 3400 1206 3474 16,
1229 3399 1279 3476 9);
1304 3417 1402 3460 urcem
1422 3398 1515 3460 trsdit
1535 3399 1697 3462 Thisbueis
1787 3469 1788 3488 ἶ

366 3501 406 3564 iis
427 3501 480 3580 qui
501 3501 540 3561 sd
560 3502 717 3562 Romanos
738 3501 980 3580 transfugissent,
1006 3505 1041 3560 ut
1066 3500 1125 3560 soll
1146 3501 1187 3560 ibi
1208 3501 1377 3561 habitarent
1397 3517 1522 3579 eumque
1543 3503 1698 3562 moenibus
1787 3491 1788 3570 ἶ

368 3603 596 3664 circumdarent.
629 3600 678 3661 De
693 3620 812 3662 summu
829 3622 862 3662 rc
876 3609 1004 3674 constet,
1026 3619 1208 3680 quamquem
1224 3603 1316 3663 verbe
1336 3601 1479 3680 impedite
1493 3613 1565 3663 sunt
1577 3615 1698 3682 propter
1787 3623 1788 3630 ¹

366 3705 483 3764 histum
509 3723 539 3764 v.
565 3702 605 3763 2⁷
634 3721 697 3762 non
722 3702 796 3763 sutis
822 3711 905 3762 certs
928 3701 1045 3762 retione
1071 3703 1263 3782 explendum.
1285 3737 1325 3749 -
1346 3703 1481 3764 Adnotst
1499 3722 1531 3781 p.
1553 3704 1594 3764 41
1621 3705 1698 3765 Fon·
1787 3701 1788 3729 l

365 3811 466 3865 curtus
483 3805 619 3864 locorum
641 3821 752 3882 gumus
767 3804 885 3863 moenis
906 3803 987 3864 ereis
1006 3803 1102 3870 sdhuc
1116 3801 1338 3867 'evidentissime
1359 3803 1440 3864 cerni
1459 3805 1492 3864 in
1508 3805 1588 3865 colle
1609 3824 1696 3885 super

365 3903 486 3965 Kskosi
510 3905 609 3963 vicum
631 3902 836 3964 Dcmbrennm
862 3923 968 3966 versus
994 3906 1077 3965 fecte
1102 3923 1141 3964 ex
1168 3905 1252 3966 suuis
1271 3904 1426 3983 quadratis
1453 3904 1518 3965 sine
1543 3916 1694 3967 csemento

365 4004 537 4064 commissis
563 4012 594 4064 et
619 4005 751 4065 turribus
778 4005 850 4066 olim
878 4009 1002 4066 munite.
1049 4006 1134 4066 Idem
1160 4025 1199 4066 ex
1226 4007 1284 4067 boc
1312 4007 1488 4066 documento
1513 4007 1639 4088 collegit
1660 4027 1694 4068 es

364 4106 484 4166 moenis
503 4113 573 4184 post
596 4105 629 4166 id
649 4105 848 4184 perscriptum
870 4107 1027 4167 sediticstu
1047 4125 1128 4180 esse,
1154 4107 1236 4166 hund
1257 4106 1321 4167 scio
1342 4127 1381 4167 uu
1401 4125 1462 4167 non
1482 4115 1572 4170 recte.
1615 4107 1693 4170 Num

363 4225 463 4267 urcem
485 4227 522 4269 eo
540 4217 675 4287 tempore
696 4209 853 4268 moenibus
875 4210 1010 4268 caruisse
1030 4209 1084 4267 vix
1105 4217 1183 4267 recte
1204 4207 1274 4268 inde
1295 4207 1454 4287 colligitur,
1475 4208 1558 4287 quod
1577 4219 1613 4270 ut
1631 4229 1692 4270 mn·

362 4309 463 4368 nisum
483 4317 606 4370 senetus
625 4311 685 4370 ium
699 4309 854 4387 permittit,
876 4328 944 4369 cum
958 4311 1016 4370 hoc
1036 4310 1109 4369 item
1124 4309 1293 4388 signiticsre
1307 4310 1407 4388 possit
1422 4309 1597 4388 permittere
1618 4331 1691 4385 eum,

362 4416 397 4470 ut
416 4409 533 4470 munito
552 4417 734 4487 permaneat.

446 4507 554 4586 Cupite
569 4510 675 4588 quinto
696 4511 739 4586 (v.
755 4509 893 4588 tlt-35)
915 4511 1014 4590 egitur
1029 4512 1066 4570 de
1087 4530 1161 4571 suro
1180 4507 1377 4573 sTbisbeeis
1397 4515 1467 4572 unte
1481 4511 1590 4590 opinor
1603 4531 1690 4591 quum

363 4607 475 4669 bellum
497 4611 614 4671 exussit
634 4611 745 4672 colluto
767 4611 808 4672 ud
827 4628 968 4672 cononum
989 4613 1021 4672 in
1036 4609 1188 4691 Capitolio
1207 4611 1413 4675 dedicundsm.
1448 4609 1572 4678 Scilicet
1591 4623 1690 4675 notum
1787 4599 1788 4640 ³

367 4811 568 4826 Ἣ

441 4947 465 5010 ¹)
488 4951 589 5002 Eodem
607 4954 660 5004 ium
679 4960 748 5006 recte
765 4955 918 5019 referemus,
938 4956 1007 5022 quod
1020 4956 1058 5008 sit
1070 4955 1163 5009 cicero
1181 4955 1252 5008 ded.
1265 4956 1331 5020 nd,
1346 4955 1390 5019 19,
1403 4956 1455 5008 49:
1474 4971 1508 5007 nn
1520 4953 1689 5025 septum

362 5039 411 5090 erit
430 5037 491 5092 deus
516 5048 541 5092 ct
563 5040 739 5112 Trophonius!
762 5047 845 5097 norm
867 5045 966 5114 quidem
978 5044 1127 5116 publicani,
1155 5063 1210 5100 mors
1234 5053 1316 5098 essem
1332 5046 1395 5114 apri
1413 5047 1441 5098 u'n
1460 5043 1571 5098 Boeotio
1592 5045 1686 5099 eleum

361 5130 539 5184 tnuuortulium
556 5133 655 5202 sucepti
672 5133 868 5203 deprecareris,
887 5135 1013 5207 crepabunt
1030 5137 1183 5193 ommate
1199 5153 1252 5192 esse
1269 5135 1345 5200 ullos,
1365 5138 1411 5207 qui
1426 5133 1565 5206 aliquunde
1583 5133 1687 5190 tonsu

354 5220 473 5284 ficissent.
