3546 5950
348 583 395 654 76
831 559 834 572 ’
916 597 1098 651 nonusuu

343 880 395 930 EX
417 876 684 930 ADNOTATIONE
702 875 861 925 METELLI
878 875 987 925 MANV
1005 875 1057 926 AD
1078 873 1216 928 CORPVS
1235 873 1380 926 EDITVM
1398 875 1678 930 Mszocfflsnvn

688 967 717 1016 F.
734 963 775 1015 ll'
794 966 886 1026 (001).
904 966 989 1017 VAT.
1011 967 1092 1028 8495)
1112 966 1331 1018 ADSCRIPTA.

428 1089 493 1151 'Hic
514 1091 589 1150 liber
616 1092 790 1166 desumptus
816 1099 862 1148 est
888 1109 927 1147 ex
952 1089 1028 1148 libro
1055 1089 1221 1148 doctissimi
1246 1091 1422 1167 Mariangeli
1444 1092 1597 1164 Accursii,
1626 1093 1679 1169 qui

347 1196 402 1253 bas
423 1193 633 1270 inscriptiones
655 1210 764 1269 magua
784 1209 851 1249 cum
869 1190 1021 1266 diligentia
1035 1189 1207 1266 exscripsit,
1229 1179 1282 1249 sed
1297 1191 1437 1250 librarius
1454 1193 1579 1251 vitiavit.
1614 1195 1677 1252 Alii

345 1305 443 1355 tamen
465 1295 597 1353 tribuunt
618 1311 670 1352 eas
691 1292 849 1350 Albertino
870 1291 989 1350 cuidam
1011 1291 1200 1364 Florentino,
1221 1293 1273 1368 qui
1294 1293 1506 1370 inscriptiones
1520 1294 1679 1354 Romanas

345 1416 383 1456 ex
405 1396 480 1473 ipsis
503 1396 587 1454 saxis
608 1395 639 1452 in
661 1413 752 1453 unum
773 1393 915 1452 volumen
937 1392 1113 1470 collegeram
1136 1393 1189 1452 sed
1210 1403 1275 1452 erat
1291 1412 1396 1470 parum
1412 1393 1529 1468 doctus3
1551 1405 1587 1454 ιιι
1602 1395 1680 1454 mul·

345 1505 391 1556 tas
414 1499 479 1556 siue
500 1497 611 1554 iudicio
634 1496 791 1571 scripsisse
813 1494 975 1552 verisimile
995 1493 1140 1566 uideatur,
1161 1503 1307 1569 quantum
1329 1514 1367 1553 ex
1388 1496 1603 1572 antiquitatum
1618 1495 1679 1555 Ro·

345 1617 500 1658 manarum
520 1596 622 1656 libello
645 1614 732 1671 quem
754 1596 847 1654 edidit
867 1595 1008 1672 colligere
1029 1613 1200 1671 possumus.
1239 1597 1321 1654 Ante
1342 1597 1422 1654 bunc
1443 1597 1606 1655 nonnullas
1628 1617 1679 1656 ex·

345 1700 509 1775 scripserat
530 1697 674 1770 Blondus,
696 1697 812 1772 primus
834 1697 1045 1772 antiquitatum
1063 1697 1226 1756 restitutor.
1262 1697 1348 1755 Idem
1361 1696 1529 1756 Laurentiii
1542 1698 1679 1758 Medices

346 1817 438 1860 suasu
465 1799 614 1874 praestitit
639 1797 792 1856 iucundus
821 1796 996 1856 monachus.
1046 1797 1113 1856 Hos
1145 1808 1289 1874 sequutus
1314 1797 1444 1858 Fulvius
1478 1817 1604 1876 quoque
1632 1807 1679 1859 est

343 1911 444 1962 aetate
472 1907 584 1958 nostra.
633 1899 731 1958 Porro
759 1903 859 1957 autem
887 1899 963 1956 varii
989 1899 1090 1958 varias
1119 1907 1345 1972 coacervarunt3
1378 1900 1634 1976 quemadmodum
1662 1919 1678 1958 e

345 2003 448 2062 multis
474 2000 686 2077 manuscriptis
710 1999 811 2072 libris,
840 1999 872 2057 iu
899 2017 975 2075 quos
1003 1999 1177 2073 incidimus,
1206 2001 1337 2060 maxime
1366 2020 1405 2058 ex
1426 2001 1555 2078 quodam
1579 2003 1677 2060 cardi·

344 2104 422 2162 nalis
444 2101 608 2179 carpensis
630 2101 771 2176 codice¹)
793 2108 883 2159 etex
904 2101 1000 2158 altero
1022 2098 1149 2159 Salviati
1170 2101 1373 2178 cardinalisl)
1395 2102 1675 2180 depraehendimus.

345 2206 396 2265 Ex
417 2206 464 2264 his
487 2204 626 2262 omuibus
647 2202 732 2261 libris
753 2203 811 2260 boc
826 2200 965 2260 volumen
986 2201 1153 2260 coniectum
1175 2211 1229 2261 est.
1265 2204 1378 2263 Verum
1400 2210 1500 2262 tamen
1521 2205 1677 2263 sciendum

344 2317 391 2368 est
415 2307 478 2365 Ioa.
502 2303 684 2375 Camertem,
711 2303 778 2362 Nic.
803 2300 992 2378 Sipontiuum
1018 2311 1049 2362 et
1069 2303 1270 2380 Pomponium
1291 2303 1419 2363 Laetum
1444 2312 1542 2365 aetate
1569 2314 1679 2365 suaet

344 2416 449 2468 nostra
474 2407 633 2465 Iovianum
654 2404 824 2462 Pontanum
851 2403 987 2479 aliosque
1012 2405 1182 2480 complures
1210 2404 1383 2464 huiusmodi
1409 2405 1556 2481 quaedam
1586 2407 1679 2484 scrip-

345 2510 434 2580 sisse,
456 2515 485 2565 et
507 2515 539 2564 ut
560 2515 645 2566 erant
665 2505 851 2580 antiquitatis
873 2503 1067 2564 admiratores
1088 2506 1213 2564 maximi
1234 2515 1264 2565 et
1285 2506 1405 2578 aemuli,
1426 2523 1478 2564 eos
1493 2513 1566 2584 puto
1583 2507 1679 2566 mults

344 2611 428 2670 hisce
449 2609 574 2679 similia,
600 2613 632 2664 ut
652 2605 788 2664 indoctos
809 2605 964 2664 eluderent
984 2613 1014 2664 et
1035 2605 1139 2665 doctos
1160 2611 1322 2679 tentarent,
1345 2607 1545 2679 confinxisse,
1571 2608 1625 2666 vel
1646 2616 1678 2666 ut

344 2719 462 2790 gentem
489 2709 622 2785 aliquam
649 2715 789 2765 ornarent
816 2706 1004 2784 antiquitatis
1032 2707 1203 2766 testimonio
1231 2708 1279 2766 vel
1306 2708 1366 2766 alia
1395 2706 1432 2766 de
1459 2726 1566 2780 causs;
1596 2708 1677 2785 quod

345 2813 423 2872 alios
450 2828 569 2887 quoque
596 2817 659 2868 tum
678 2807 794 2866 Romae
817 2815 878 2866 tum
904 2805 978 2867 alibi
998 2808 1108 2868 iecisse
1130 2808 1208 2880 scio,
1235 2809 1419 2890 maximam
1439 2808 1600 2886 Hispania.
1644 2811 1678 2869 Id

346 2921 446 2972 autem
472 2910 559 2970 facile
584 2917 703 2967 constat
722 2927 762 2967 ex
784 2907 993 2983 antiquitatum
1012 2909 1089 2968 libro
1110 2909 1291 2987 ingolstadii
1312 2910 1406 2983 edito,
1431 2911 1516 2968 cuius
1539 2911 1677 2988 archety-

346 3033 420 3092 pum
445 3011 520 3088 (uisi
545 3009 673 3084 fallitur)
701 3008 812 3068 vidisse
838 3027 871 3066 se
892 3008 1048 3069 Bononiae
1074 3011 1226 3069 Antonius
1249 3029 1334 3070 meus
1363 3011 1584 3089 suspicaturi).
1631 3011 1677 3070 De

345 3112 599 3192 Hispaniensibus
619 3128 681 3170 non
701 3109 813 3168 dubito.
851 3108 922 3166 Vidi
944 3111 1023 3169 enim
1044 3111 1166 3170 Alfousi
1180 3112 1315 3171 Tarerae
1329 3111 1461 3190 Hispani
1480 3113 1592 3172 librum
1607 3113 1678 3172 His·

345 3216 519 3294 panicorum
547 3213 795 3290 epigrammatum
820 3210 957 3269 fictorum
978 3211 1202 3289 plenissimum,
1231 3232 1357 3290 quarum
1379 3213 1549 3290 partemin
1570 3231 1677 3291 supra·

345 3318 425 3376 dicto
446 3315 548 3375 codice
570 3311 751 3372 Germanico
773 3320 878 3370 extare
898 3330 958 3371 nou
979 3312 1084 3389 ignoro
1093 3313 1134 3390 ⁴).
1178 3312 1234 3374 His
1263 3315 1356 3390 igitur
1375 3314 1464 3372 fidem
1485 3322 1603 3373 tantum
1626 3315 1677 3373 ha·

345 3419 411 3492 beo,
433 3436 510 3494 quae
531 3413 683 3490 descripta
704 3419 774 3472 suut
795 3432 833 3471 ex
854 3413 931 3489 ipsis
952 3415 1048 3486 saxis,
1069 3414 1148 3490 quod
1168 3415 1199 3472 iu
1215 3413 1351 3488 Gallicis,
1373 3415 1549 3492 Hispanicis
1572 3425 1604 3474 et
1618 3416 1676 3476 Its·

343 3519 412 3579 licis
433 3520 592 3594 episcopus
612 3514 734 3592 quidam
748 3509 932 3592 Ragusiuus,
952 3515 1005 3590 qui
1019 3514 1135 3574 Romae
1154 3523 1291 3575 mortuus
1313 3525 1359 3574 est
1375 3515 1546 3588 ooDXLV,
1567 3535 1678 3596 magos

345 3619 534 3699 praestitisse
548 3615 702 3695 diligentia
716 3614 877 3692 dicituri):
900 3615 931 3673 iu
946 3614 1090 3677 Romanis
1105 3616 1252 3696 Mariang.
1268 3617 1445 3689 Accursius,
1460 3625 1490 3677 et
1503 3617 1536 3675 in
1549 3617 1676 3693 (Roma-

346 3770 551 3784 *u*

424 3867 448 3929 ¹)
476 3866 544 3918 Vide
562 3879 640 3930 supra
658 3881 683 3930 p.
697 3866 741 3916 ⁷0.
752 3891 785 3902 -
806 3864 925 3918 Ceterum
938 3866 1070 3917 Manutius
1089 3867 1133 3917 ubi
1150 3869 1212 3918 citat
1223 3866 1317 3918 librum
1330 3867 1495 3933 carpensem,
1515 3883 1568 3918 non
1581 3869 1675 3919 Incun-

347 3961 452 4010 disnum
470 3958 563 4008 librum
583 3957 717 4008 aMetello
735 3958 877 4022 expilatum
896 3957 1030 4022 intellegit,
1049 3958 1096 4008 sed
1114 3959 1230 4024 syllogen
1241 3960 1363 4024 scriptam
1376 3959 1475 4021 smodi,
1494 3973 1571 4024 quem
1584 3968 1674 4010 uotum

347 4059 386 4102 est
404 4049 529 4101 cardinali
547 4048 661 4100 Rudollo
679 4047 729 4098 Pio
748 4048 826 4113 Carpi
844 4063 891 4113 per
908 4063 931 4098 a.
948 4049 1127 4100 lest—1551
1147 4063 1163 4098 a
1182 4065 1258 4100 manu
1277 4050 1365 4100 luisse.

423 4139 448 4204 ¹)
474 4142 507 4192 Iu
525 4140 614 4190 codice
632 4139 732 4190 Metelli
751 4141 811 4190 Vst.
830 4140 900 4191 6039
923 4147 983 4205 post
1000 4147 1123 4206 excerpta
1140 4140 1282 4206 carpensis
1300 4148 1441 4206 sequuntur
1457 4141 1476 4192 f.
1491 4133 1675 4194 Ὧδ’-ΒΜ

345 4235 398 4286 alia
413 4223 455 4284 'ex
475 4232 532 4284 cod.
552 4231 622 4282 card.
641 4222 768 4284 Salviati’.
1453 4210 1458 4220 ’

423 4323 447 4387 ⁸)
475 4325 653 4388 Archetypum
678 4321 728 4371 hoc
752 4321 822 4386 quod
846 4321 939 4372 dicitm
961 4323 1077 4388 syllegae
1095 4323 1216 4388 Apianae
1240 4338 1288 4388 ego
1308 4338 1409 4389 quoque
1428 4323 1482 4373 vidi
1501 4329 1561 4373 aute
1580 4323 1677 4389 aliquot

347 4432 429 4468 annos
447 4415 582 4466 Bononiae
606 4411 779 4462 bibliothecae
796 4413 913 4479 publicae
932 4413 1046 4464 oblatum
1067 4415 1215 4476 emendum
1241 4423 1267 4464 at
1285 4432 1347 4465 mox
1366 4405 1524 4480 deprehendi
1543 4413 1571 4464 id
1589 4416 1676 4480 paucis

346 4509 421 4558 snnis
439 4513 499 4572 post
516 4506 613 4555 editum
633 4504 764 4569 Apisuum
784 4503 877 4566 (1534)
897 4521 930 4554 ex
949 4505 1005 4570 ipso
1022 4505 1089 4555 libro
1110 4505 1177 4571 typis
1198 4507 1300 4570 vulgato
1319 4507 1475 4572 descriptum
1495 4519 1563 4568 esse,
1589 4515 1619 4555 ut
1636 4521 1674 4555 sr-

345 4597 447 4662 chetypi
471 4597 582 4662 speciem
605 4610 667 4660 prae
682 4610 713 4645 ‘se
731 4596 818 4645 terret.
855 4595 943 4646 Minus
961 4596 1057 4660 peritos
1075 4596 1151 4646 facile
1170 4596 1254 4659 sallem
1277 4597 1348 4647 fraus
1366 4605 1451 4646 tamen
1472 4603 1543 4662 patet
1562 4597 1673 4648 maxime

345 4689 372 4739 in
397 4687 509 4737 hiatibus
515 4723 522 4748 ,
548 4701 612 4752 quos
637 4701 694 4737 cum
714 4687 820 4752 Apisna
838 4687 935 4752 sylloge
953 4687 1069 4738 iudicare
1088 4688 1170 4738 soleat
1187 4688 1276 4738 fractis
1295 4689 1363 4753 typis
1381 4689 1426 4750 iis,
1451 4689 1495 4753 qui
1513 4689 1581 4739 forte
1600 4695 1673 4753 typo·

345 4779 431 4830 thetae
454 4779 532 4843 primi
553 4791 580 4828 se
604 4777 737 4840 offerrent,
762 4778 789 4827 in
813 4777 902 4828 codice
927 4778 973 4830 illo
994 4781 1045 4844 ipsi
1067 4779 1104 4829 illi
1130 4779 1185 4844 typi
1203 4779 1278 4828 fracti
1298 4786 1437 4829 cernuntur
1454 4792 1472 4829 a
1489 4779 1596 4829 librario
1614 4778 1672 4828 reli·

343 4855 417 4936 giose
442 4869 545 4934 depicti.
584 4869 713 4920 volumen
737 4884 798 4919 nuru
824 4869 950 4919 inuenerit
971 4876 1061 4935 postea
1085 4876 1244 4935 emptorem,
1271 4871 1316 4934 qui
1333 4885 1365 4920 eo
1384 4870 1469 4935 decipi
1488 4885 1516 4921 se
1534 4876 1671 4936 paterent,

344 4963 444 5027 ignoro.

421 5047 446 5112 ⁴)
475 5051 509 5100 V.
528 5049 650 5100 Huebner
668 5050 697 5100 11
714 5065 740 5114 p.
753 5051 789 5100 X.

422 5139 446 5202 ⁸)
473 5141 618 5206 Episcopus
630 5139 775 5205 ngusinus
787 5140 938 5206 Pamphilus
951 5142 1113 5195 Straesoldns
1132 5143 1176 5208 qui
1195 5143 1258 5194 obiit
1270 5143 1370 5194 Romae
1389 5158 1413 5193 s.
1425 5143 1496 5194 1545
1515 5157 1569 5194 nou
1581 5141 1671 5192 litteris

345 5232 446 5295 claruit,
465 5232 511 5283 sed
529 5232 615 5295 nmis,
636 5238 759 5300 quantum
779 5231 882 5298 quidem
901 5233 981 5284 refert
997 5234 1126 5286 liarlatius
1145 5235 1218 5300 illyr.
1237 5249 1302 5286 sacr.
1322 5234 1347 5297 6,
1364 5233 1425 5284 225.
