3546 5950
355 606 425 678 136
924 617 1125 674 mounsnn·

352 804 451 855 autem
481 805 532 853 aut
557 815 594 854 eo
620 796 686 871 ipso
712 803 859 871 ternpore,
885 812 946 870 quo
967 792 1084 868 legatus
1105 790 1230 850 Raetiae
1252 789 1395 867 praefuit,
1422 790 1608 866 praepositus
1626 799 1664 848 est

352 896 543 956 vexillationi
569 897 697 974 legionis
718 896 760 953 ibi
782 894 973 953 consistentia
996 893 1046 951 111
1067 892 1190 951 Italicae
1211 899 1242 950 et
1262 893 1364 950 iussus
1386 908 1511 967 pergere
1533 891 1568 950 ad
1588 910 1662 968 expe·

355 999 498 1057 ditionem
513 995 733 1069 Germanicam,
756 1003 808 1054 aut
829 1001 897 1072 post
917 1013 981 1054 eam
1004 993 1236 1069 expeditionem,
1257 1011 1348 1069 qnam
1368 992 1510 1051 eRaetia
1522 992 1663 1070 proiectam

352 1118 419 1158 esse
442 1117 533 1174 supra
548 1097 688 1170 vidimus,
710 1099 742 1155 in
763 1096 919 1172 provincia
938 1095 1055 1171 legatus
1077 1095 1222 1154 remansit
1235 1096 1274 1154 ad
1288 1094 1360 1153 belli
1374 1093 1520 1171 reliquias
1534 1095 1664 1169 extirpan·

353 1201 418 1259 das.
450 1197 529 1257 Illud
543 1199 671 1258 sortasse
686 1197 913 1276 praeferendum
927 1204 976 1255 est
988 1205 1112 1273 propter
1126 1196 1271 1273 temporie
1285 1195 1432 1267 rationem
1450 1213 1522 1252 nam
1536 1194 1665 1273 expeditio

354 1299 453 1377 eoepit
474 1308 619 1358 autumno
641 1318 669 1358 a.
686 1298 757 1370 213,
778 1299 968 1357 consulatum
990 1304 1090 1356 autem
1105 1295 1235 1358 Sabinus
1250 1297 1318 1355 iniit
1338 1315 1366 1354 a.
1381 1293 1444 1353 214
1465 1296 1532 1354 Ian.
1546 1298 1571 1354 1.
1602 1295 1665 1354 lire·

354 1402 412 1458 tiae
439 1400 551 1477 legatio
580 1400 708 1475 denique
735 1417 915 1476 quamquam
940 1399 1092 1475 praetoria
1111 1398 1182 1470 tuit,
1209 1407 1308 1457 tamen
1329 1396 1504 1475 utlagatus
1524 1396 1665 1454 aliuseim

327 1489 330 1494 ¹
353 1501 528 1577 provinciae
554 1500 616 1577 Ap.
639 1499 785 1559 Claudius
806 1499 976 1559 Lateranus
1005 1498 1037 1559 in
1062 1498 1150 1558 titulo
1171 1498 1230 1572 111,
1246 1498 1327 1558 5793
1350 1523 1388 1548 =
1409 1497 1506 1557 Orell.
1524 1497 1597 1557 1399
1615 1515 1664 1556 aaa·

355 1602 403 1659 aul
422 1603 589 1676 daaipnotua
616 1601 801 1678 appellatur,
826 1601 869 1659 ita
891 1597 1022 1660 Sabinus
1042 1617 1162 1677 quoqne
1183 1599 1254 1659 dum
1276 1619 1313 1658 eo
1333 1599 1433 1658 officio
1459 1598 1592 1675 fungitur
1609 1615 1664 1657 oon·

358 1701 405 1759 sul
427 1701 579 1779 designari
600 1703 707 1780 potnit

514 1799 1012 1878 ltwmfflmm

439 1920 637 1982 Consulatum
664 1923 695 1980 in
723 1931 850 1998 utroque
875 1921 962 1981 titulo
986 1929 1076 1982 extra
1096 1921 1232 1982 ordinem
1253 1921 1436 1982 collocatum
1457 1921 1526 1980 loeo
1544 1919 1664 1998 primario

355 2043 410 2082 our
433 2023 490 2082 hoc
509 2023 701 2101 potissimum
723 2024 790 2082 loeo
815 2015 959 2096 inseram,
986 2041 1078 2101 supra
1097 2023 1237 2100 explicui.
1281 2025 1404 2082 Annum
1425 2022 1595 2082 consulatus
1611 2037 1664 2079 esee

356 2142 385 2199 p.
403 2122 475 2183 Chr.
497 2123 557 2182 214
584 2125 644 2182 iam
670 2124 868 2182 Minervinius
896 2125 970 2182 eatis
997 2123 1223 2184 demonstravit,
1266 2123 1346 2183 Nam
1374 2133 1407 2183 ut
1431 2125 1548 2184 mittam
1572 2120 1664 2180 saeouli

355 2225 444 2300 primi
471 2226 631 2302 quartique
657 2226 796 2285 eonsules
824 2225 993 2285 ordinarios
1015 2223 1160 2300 Sabinos,
1188 2226 1298 2303 quibus
1325 2225 1375 2284 hio
1401 2226 1502 2285 locum
1530 2243 1586 2283 non
1609 2239 1662 2280 esse

355 2333 490 2401 apparet,
512 2345 565 2401 per
587 2327 750 2386 seeundum
771 2326 922 2386 saeculum
944 2328 1010 2386 eiua
1031 2327 1160 2386 nominis
1182 2327 1281 2386 nullus
1301 2329 1461 2406 reperitur,
1481 2327 1569 2386 tertio
1585 2333 1663 2382 6ιιι66
1741 2355 1742 2370 r

356 2434 416 2484 tres
439 2445 466 2485 a.
481 2426 551 2485 214.
574 2425 644 2486 216.
665 2425 735 2486 240.
778 2427 830 2485 Ex
856 2427 904 2487 hia
926 2427 1059 2488 consulis
1081 2448 1108 2487 a
1125 2425 1184 2488 216
1207 2429 1266 2487 tria
1287 2431 1410 2488 nomina
1430 2429 1467 2488 P.
1490 2429 1565 2489 Catii
1584 2424 1664 2484 Solia

356 2545 452 2603 nuper
484 2527 617 2602 explevit
647 2529 781 2604 diploma
811 2529 945 2588 veterani
978 2531 1043 2588 eins
1075 2529 1198 2607 anni¹);
1230 2532 1261 2589 ei
1294 2536 1411 2602 autem,
1445 2531 1499 2606 qui
1527 2523 1663 2586 6666240

356 2644 464 2685 nomen
486 2627 581 2701 dedit,
604 2637 633 2688 et
654 2628 747 2687 Vettii
769 2648 877 2689 nomen
898 2629 993 2689 fuisse
1015 2630 1170 2706 probabile
1193 2629 1279 2707 ortt)
1301 2638 1345 2704 et,
1369 2639 1403 2689 ut
1422 2632 1500 2690 haee
1519 2629 1664 2690 coniectura

356 2725 452 2797 fallat,
474 2729 639 2788 iterationis
660 2738 732 2788 nota
753 2731 780 2788 ei
801 2729 962 2808 proprisi)
984 2731 1016 2790 in
1032 2729 1176 2792 Sabinum
1197 2731 1274 2790 tituli
1290 2732 1452 2806 Aquinatis
1468 2749 1527 2790 non
1540 2726 1663 2789 convenit.
1741 2715 1742 2802 l

358 2826 407 2885 De
429 2845 487 2885 uno
509 2831 632 2888 oonsule
654 2850 680 2888 a.
697 2830 757 2889 214
779 2830 894 2909 collega
914 2831 1094 2904 Messallae,
1117 2851 1206 2908 qnam
1228 2833 1332 2892 eodem
1354 2841 1490 2910 tempore
1511 2838 1540 2892 et
1558 2828 1663 2908 primun

357 2934 388 2987 et
409 2929 593 2988 ordinarium
614 2932 770 2990 consulem
791 2932 901 2990 factum
926 2949 994 2993 esse
1015 2941 1145 3007 onustat,
1172 2934 1269 2992 adhue
1295 2933 1370 2992 nibil
1394 2934 1519 2992 omnino
1544 2941 1662 2992 noramut

356 3037 475 3105 praeter
500 3048 681 3107 cognomen3
708 3033 778 3091 buia
804 3033 895 3110 igitur
920 3033 1078 3110 quominus
1102 3034 1221 3094 titulum
1244 3035 1425 3110 Aquinatem
1447 3053 1517 3093 oum
1537 3031 1662 3092 similibus

356 3128 542 3202 tribuamus,
567 3130 643 3190 nihil
669 3134 837 3193 obstat-
867 3133 933 3192 Iam
955 3153 1026 3193 vero
1054 3136 1103 3195 ubi
1133 3135 1235 3195 titulos
1260 3136 1331 3208 bos,
1357 3136 1396 3194 de
1421 3137 1533 3211 quibus
1558 3133 1662 3208 agimus,
1740 3163 1741 3166 ι

356 3232 561 3306 componimus
582 3250 650 3291 oum
670 3234 807 3310 reliquia,
829 3235 992 3311 inquibus
1013 3238 1153 3296 eonsules
1174 3237 1396 3315 distinguantur
1415 3237 1611 3315 appellatione
1627 3249 1663 3288 or·

357 3329 551 3406 dinariorum,
568 3351 636 3392 oum
651 3352 754 3393 eorum
771 3335 998 3411 antiquissimus
1012 3337 1165 3415 bucusque
1179 3345 1269 3397 notus
1285 3339 1324 3397 sit
1338 3336 1374 3397 0.
1388 3336 1484 3397 Vettii
1498 3336 1583 3397 Grati
1595 3331 1662 3395 sati-

356 3432 438 3491 niani
460 3451 522 3492 cos.
545 3451 572 3492 a.
588 3432 699 3512 2214),
725 3437 803 3495 huno
825 3435 931 3498 Sabini
952 3439 1084 3496 omniurn
1107 3439 1196 3499 buius
1216 3439 1336 3516 generis
1357 3439 1592 3515 antiquissimum
1611 3449 1663 3492 esse

356 3542 484 3609 apparet
508 3535 663 3622 ipsiusque
689 3536 783 3596 titulis
810 3555 876 3596 eam
903 3537 1113 3614 appellationis
1141 3541 1377 3600 immutationem
1398 3539 1506 3599 referri
1526 3537 1562 3597 ad
1581 3553 1661 3594 saecu·

357 3633 420 3691 lum
437 3632 619 3694 caracallae.
657 3634 842 3696 Crediderim
864 3648 962 3697 autem
984 3655 1051 3698 eam
1072 3639 1258 3700 coniunctam
1281 3659 1347 3701 esse
1364 3659 1431 3700 eum
1446 3660 1494 3714 6ο,
1515 3634 1662 3718 quodcirca

356 3732 387 3791 id
409 3734 509 3808 ipsum
531 3744 649 3815 tempus
671 3756 768 3798 annus
787 3739 907 3815 publice
924 3739 1024 3799 notari
1043 3750 1166 3818 coeptus
1186 3751 1233 3800 est
1251 3741 1421 3801 nominibus
1436 3739 1587 3801 consulum
1600 3732 1660 3794 ordl-

358 3834 520 3895 nariorum.
555 3837 635 3897 Nam
658 3839 850 3899 suffectorum
872 3841 1044 3900 nominibus
1065 3860 1245 3920 quamquam
1267 3842 1379 3902 dudum
1401 3849 1492 3903 autea
1505 3841 1589 3918 vulgo
1607 3836 1661 3897 sub·

359 4017 563 4031 α*-

437 4147 460 4212 ¹)
487 4152 529 4203 111
547 4169 573 4219 p.
588 4155 650 4206 891.
688 4157 814 4210 Similiter
832 4160 952 4225 leguntur·
970 4162 1006 4223 11,
1022 4163 1101 4212 2221.
1117 4159 1189 4214 2663
1209 4169 1234 4212 et
1253 4163 1279 4212 in
1299 4162 1432 4214 Orelliana
1451 4178 1478 4214 n.
1492 4163 1552 4214 930.

434 4239 459 4302 ²)
486 4244 596 4295 Videtur
619 4248 688 4297 enim
712 4263 768 4299 esse
787 4251 889 4302 Vettius
914 4251 1025 4305 Sabinus
1050 4267 1082 4302 ex
1106 4252 1205 4303 familia
1228 4253 1367 4318 Ulpiorum
1390 4255 1511 4320 princeps
1534 4247 1659 4301 66662123)

358 4332 502 4395 praefectus
520 4336 591 4387 urbis
610 4338 657 4388 sub
675 4339 794 4390 Maximo
814 4348 840 4392 et
856 4342 967 4393 Balbino
986 4343 1049 4405 (vita
1067 4344 1139 4394 Max.
1159 4350 1186 4393 et
1203 4343 1278 4395 Balb.
1297 4361 1320 4396 6.
1334 4348 1360 4396 2.
1374 4345 1412 4407 4).

434 4422 459 4486 ⁸)
487 4427 590 4477 Habent
609 4443 667 4479 eam
685 4445 744 4480 cum
756 4431 815 4482 lasti
827 4433 931 4497 quidam
944 4434 1032 4498 scripti
1046 4441 1072 4484 et
1083 4434 1207 4499 rescripta
1219 4436 1341 4501 pleraque
1359 4435 1501 4498 (Relandnr
1511 4433 1566 4484 fut
1580 4421 1658 4494 6139)
1739 4419 1740 4454 ³

358 4519 411 4563 tum
430 4516 496 4566 tituli
516 4517 582 4580 (111,
597 4520 669 4571 3474
688 4527 714 4570 et
732 4522 801 4573 Mur.
815 4523 877 4586 361,
893 4526 908 4573 2
923 4543 957 4566 =
972 4524 1045 4576 Grut-
1061 4525 1123 4587 303,
1138 4526 1167 4588 63
1188 4541 1264 4592 qnam
1281 4527 1421 4592 genuinum
1438 4541 1495 4577 6666
1512 4537 1544 4575 aa
1560 4513 1657 4572 tuttteal·
1691 4542 1696 4549 ·

434 4601 1657 4682 *mmwwmommwmwmmmdt

358 4710 384 4744 n.
401 4696 470 4747 1839
495 4701 563 4764 expl.
588 4717 615 4766 p.
629 4703 692 4754 436.
711 4731 745 4742 -·
772 4705 919 4770 Sequuntur
942 4705 1010 4755 tituli
1029 4706 1086 4759 Sar.
1107 4707 1240 4774 Calpurnii
1257 4709 1353 4760 Dextri
1377 4724 1428 4760 eoa.
1453 4706 1542 4759 6225
1564 4701 1657 4764 (Hm

359 4801 384 4835 n.
401 4787 496 4850 6503);
517 4790 635 4842 Armenii
654 4794 789 4859 Peregrini
808 4811 860 4847 eos.
880 4812 905 4848 6.
920 4797 973 4848 244
991 4796 1099 4858 (Marini
1118 4799 1183 4850 arv.
1201 4816 1227 4865 p.
1242 4800 1320 4863 631);
1340 4799 1377 4850 ld.
1395 4799 1510 4849 Nummii
1522 4791 1603 4846 Albini
1617 4799 1658 4836 ⁰⁰⁶·

358 4875 416 4927 ord.
434 4879 463 4928 11
486 4893 510 4929 6.
526 4881 577 4932 246
596 4890 621 4932 et
640 4885 693 4936 263
718 4884 846 4945 (Fabratt.
867 4890 935 4951 100,
949 4889 1027 4952 226);
1050 4889 1156 4941 Balbini
1179 4892 1288 4942 Maximi
1313 4906 1366 4941 eos.
1387 4905 1413 4941 a.
1432 4896 1477 4940 ant
1495 4888 1544 4940 232
1562 4887 1600 4934 aut
1615 4873 1655 4928 233

358 4975 404 5018 ant
423 4969 475 5020 253
495 4970 564 5035 (ride
582 4987 659 5038 supra
677 4977 794 5043 p.132);
814 4979 847 5028 Τ.
867 4979 984 5031 Petronii
996 4981 1133 5032 Volusiani
1151 4997 1204 5033 aaa.
1222 4997 1246 5033 a.
1261 4984 1312 5035 261
1333 4980 1424 5042 (Orell.
1438 4979 1527 5040 3100).
1555 4967 1655 5025 Eiusdem

359 5059 450 5109 aetatis
476 5061 542 5112 tituli
567 5064 700 5115 consulum
724 5068 929 5133 ordinariorum,
960 5073 987 5123 in
1015 5072 1106 5137 quibua
1129 5074 1240 5124 adiectio
1266 5087 1299 5125 66
1325 5073 1440 5134 deliniat,
1467 5075 1524 5123 aunt
1545 5068 1572 5118 L
1594 5053 1654 5112 1410)

358 5149 469 5201 Maximi
490 5167 543 5203 eoa.
562 5155 590 5206 11
609 5170 633 5206 6.
648 5157 700 5206 223
719 5157 854 5225 (Burgbesi
872 5178 932 5228 opp.
952 5163 1055 5236 6,·456.
1069 5163 1133 5226 480)
1152 5173 1177 5215 et
1196 5165 1226 5217 L.
1246 5167 1289 5218 Ti.
1309 5165 1412 5218 Claudii
1431 5161 1530 5215 Aurelii
1546 5143 1655 5220 Quintiani
1738 5231 1739 5238 ἵ

308 5301 310 5306 ,
359 5241 391 5302 (l.
406 5242 439 5295 N·
453 5243 544 5306 ³59⁷).
565 5246 586 5296 ti
606 5247 709 5311 quidem
728 5265 787 5302 rere
805 5259 844 5304 est
861 5255 972 5306 consulis
992 5269 1015 5305 6.
1031 5255 1092 5308 235.
1177 5291 1180 5298 -
