3546 5950
515 593 813 651 onsunvnmonas
832 600 950 653 arten.
968 603 1044 653 vm.
1369 590 1439 660 147

525 697 677 706 -----

114 799 172 858 que
192 801 262 842 vere
282 784 362 842 filius
383 803 422 843 ex
443 785 497 844 illo
517 785 711 844 matrimonio
727 795 814 846 natus
835 787 897 848 dici
914 791 963 849 Cn.
978 790 1107 866 Pompeii
1121 803 1147 852 ct
1160 791 1198 852 L.
1215 793 1317 854 Crassi
1330 795 1441 856 culcita

115 882 202 957 (Tac.
226 885 295 943 hiat.
316 885 420 963 1,15).

195 985 438 1052 Iam·,videamus
464 986 502 1045 de
528 984 598 1044 flliis
627 995 657 1045 et
682 987 800 1046 filiabus
827 1008 867 1048 ex
889 991 929 1048 M.
954 989 1065 1052 Crasso
1088 992 1180 1070 Frugi
1205 997 1329 1057 consule
1356 1015 1382 1056 a.
1400 995 1439 1056 27

112 1093 141 1142 et
163 1083 324 1146 Scribonia
343 1089 433 1146 natis.
1186 1131 1189 1140 ‚

198 1188 225 1244 l.
264 1189 314 1248 Oa.
337 1188 489 1266 Pompeiae
510 1189 678 1266 Maqnw)
700 1189 804 1249 Crassi
825 1190 905 1250 lilius
927 1193 1054 1252 testibus
1077 1191 1192 1255 Seneca
1212 1204 1243 1255 et
1261 1197 1367 1258 Tacito
1389 1215 1440 1257 no·

113 1287 193 1346 mina
220 1291 313 1346 traxit
334 1309 394 1348 nou
416 1308 435 1348 a
456 1296 581 1367 paterna
602 1290 709 1366 stirpe,
738 1290 793 1350 sed
814 1309 833 1348 a
853 1301 1001 1364 materna,
1030 1303 1063 1353 ut
1083 1298 1280 1371 reuiuesceret¹
1296 1298 1439 1375 quodam·

113 1387 199 1446 modo
229 1389 259 1448 iu
286 1411 322 1450 eo
350 1410 410 1450 uon
438 1391 609 1469 adoptionis
636 1391 699 1450 iure
727 1391 839 1469 (neque
866 1395 946 1452 enim
974 1395 1134 1472 quisquam
1161 1397 1218 1456 luit
1244 1417 1280 1457 eo
1305 1407 1439 1478 tempore

112 1489 175 1547 eius
198 1491 344 1562 nominis,
367 1509 385 1548 a
407 1509 466 1568 quo
488 1492 690 1569 adoptaretur,
712 1503 742 1552 et
762 1495 911 1553 mansisse
932 1514 1000 1554 eum
1020 1497 1051 1555 in
1075 1496 1164 1556 domo
1185 1498 1303 1558 Licinia
1324 1499 1440 1562 Seneca

112 1588 284 1667 significat),
306 1591 359 1651 sed
379 1595 473 1668 patris
495 1593 629 1652 arbitrio.
673 1592 757 1652 Haec
777 1595 1001 1654 nomenclatura
1022 1605 1163 1674 paternae
1185 1599 1291 1660 domus
1313 1601 1438 1660 nobilia·

111 1691 203 1750 simae
225 1711 264 1750 ne
285 1693 442 1772 vestigium
464 1693 585 1770 quidem
607 1677 730 1754 seruans
752 1695 817 1754 iure
838 1696 970 1770 offendit,
991 1700 1121 1758 maxime
1142 1701 1174 1759 in
1195 1719 1231 1758 eo
1253 1701 1326 1774 filio,
1349 1719 1437 1777 quem

112 1801 180 1850 natu
207 1794 373 1853 maximum
401 1793 495 1854 luisse
520 1801 592 1856 nlox
614 1796 790 1855 videbimus.
834 1795 894 1857 Sed
920 1798 994 1857 talia
1019 1801 1075 1859 hac
1103 1808 1200 1860 aetate
1227 1800 1350 1860 ferenda
1369 1810 1439 1863 sunt

111 1911 203 1969 neque
234 1894 363 1955 lomense
391 1897 466 1956 adeo
493 1897 628 1956 miranda
655 1898 687 1955 in
713 1889 833 1957 homine
858 1905 920 1957 tam
946 1901 1047 1972 fatuo,
1078 1910 1112 1960 ut
1138 1903 1181 1960 uit
1206 1900 1377 1979 Senecai),
1405 1912 1439 1961 ut

111 1995 196 2054 etiam
227 2014 352 2072 regnare
376 2007 490 2076 posset.
533 1996 614 2059 Sane
636 1997 781 2058 Claudius
808 2017 942 2076 quoque,
969 2001 1040 2059 huic
1062 2001 1191 2076 Crasso,
1219 2010 1254 2061 ut
1280 1997 1322 2060 ait
1349 2003 1438 2090 idem,

111 2101 167 2154 tam
194 2097 304 2158 similis
330 2117 420 2175 quam
446 2116 504 2157 oro
530 2117 633 2172 ovum,
659 2120 720 2160 non
745 2099 876 2160 absimili
903 2101 1019 2161 ratione
1045 2102 1165 2162 filiabus
1193 2105 1314 2163 uomina
1341 2104 1437 2179 impo-

110 2198 167 2256 suit
184 2199 339 2261 Antoniae
364 2208 395 2260 et
416 2199 571 2261 Octaviae.
593 2233 631 2244 -
661 2202 790 2278 Magnus
817 2203 1004 2279 periclitatus
1030 2204 1069 2262 ob
1095 2204 1127 2262 id
1150 2205 1249 2280 ipsum
1271 2222 1437 2280 cognomen

110 2300 162 2356 sub
184 2298 266 2359 Gaio
287 2299 322 2376 (†
337 2301 392 2378 41)
418 2311 541 2380 propter
565 2310 698 2362 teneram
720 2310 848 2363 aetatem
869 2304 912 2362 ita
932 2305 1042 2377 evasit,
1070 2303 1104 2363 u't
1124 2305 1301 2380 cognomine
1322 2312 1437 2364 tautum

109 2398 136 2457 ai
162 2400 437 2481 interdicereturi).
482 2402 628 2464 Claudius
655 2405 763 2464 deinde
791 2415 822 2464 et
848 2405 879 2463 id
907 2405 935 2463 ei
961 2404 1091 2464 reddidit
1117 2413 1148 2463 et
1173 2404 1266 2464 tiliam
1293 2407 1437 2463 maiorem

110 2503 270 2560 Antoniam
293 2505 321 2562 ei
347 2524 374 2564 a.
390 2507 428 2564 41
452 2505 484 2564 iu
505 2506 727 2566 matrimonium
748 2506 839 2576 dedit,
861 2512 968 2582 postea
988 2526 1060 2565 vero
1082 2525 1149 2565 eum
1171 2506 1328 2566 interfecit.
1372 2504 1436 2564 Na·

110 2610 156 2659 tue
175 2602 271 2680 igitur
291 2607 332 2664 sit
352 2624 476 2666 necesse
496 2613 543 2668 est
563 2614 633 2666 ante
653 2625 682 2686 a.
699 2606 753 2680 27,
775 2625 844 2704 nam
859 2608 963 2674 ‚minor
977 2607 1073 2666 XIIII
1087 2606 1174 2666 annis
1189 2625 1314 2666 uxorem
1328 2605 1436 2665 ducere

112 2722 167 2762 non
187 2705 295 2782 poluit.

190 2805 219 2864 2.
266 2807 307 2866 M.
324 2807 458 2868 Liciniae
476 2807 601 2869 Graecae
622 2808 757 2886 Frapi⁴)
779 2817 867 2869 natus
889 2827 958 2869 esse
980 2809 1098 2869 videtur
1119 2827 1144 2870 c.
1159 2826 1187 2866 a.
1204 2809 1253 2882 31,
1276 2827 1342 2866 cum
1365 2825 1434 2868 cou-

112 2908 155 2965 sul
175 2911 276 2969 luctus
294 2909 334 2969 eit
356 2928 382 2967 a.
398 2929 428 2988 p.
444 2907 514 2970 chr.
532 2910 581 2969 64.
625 2908 727 2984 Quare
747 2929 815 2972 cum
836 2919 961 2989 propter
980 2911 1117 2980 nomina,
1140 2927 1217 2985 quae
1238 2909 1343 2968 eadem
1364 2919 1436 2968 sunt

111 3017 196 3086 atqua
221 3011 333 3089 patris,
359 3011 490 3070 filiorum
515 3020 588 3069 natu
616 3013 765 3071 maximus
786 3012 881 3071 finisse
903 3011 997 3070 videri
1018 3010 1129 3087 possit,
1156 3010 1326 3069 coniectura
1346 3029 1383 3068 ea
1403 3011 1435 3069 in

110 3109 161 3168 hoc
185 3112 274 3172 fallit.
320 3113 417 3171 Periit
440 3112 606 3190 imperante
632 3112 752 3172 Neroua
775 3110 809 3186 (1
825 3111 880 3188 68)
907 3119 1065 3170 accusante
1090 3110 1131 3168 M.
1159 3110 1294 3186 Aquillio
1315 3110 1434 3189 Regulo

109 3211 192 3286 (Tac.
215 3213 287 3272 hier.
306 3215 332 3284 l,
346 3212 395 3272 48.
419 3213 453 3287 4,
469 3212 523 3286 42,
544 3214 624 3273 Plin.
646 3233 693 3290 ep.
711 3217 738 3288 l,
754 3214 788 3285 5,
803 3213 847 3289 3).
890 3210 1025 3272 Uxorem
1046 3209 1132 3269 duxit
1153 3207 1320 3285 Sulpiciam
1340 3211 1433 3270 Prae-

109 3322 250 3374 textatam
274 3323 304 3374 et
324 3323 467 3391 quattuor
487 3334 526 3374 ex
548 3333 585 3394 ea
605 3315 717 3374 liberos
739 3313 860 3372 sustulit
879 3311 967 3387 (Tac.
989 3311 1059 3370 hiet.
1076 3313 1105 3382 4,
1120 3309 1185 3386 42).

187 3415 217 3474 3.
269 3413 393 3474 Graecae
421 3415 668 3492 Scriboniamui)
701 3413 837 3492 (reliqua
867 3412 987 3471 nomina
1019 3429 1078 3470 uon
1107 3411 1276 3487 accepimus
1304 3410 1432 3487 tradita)

108 3515 194 3575 tratre
215 3517 330 3576 Pisone
351 3524 423 3575 natu
443 3509 540 3576 maior
560 3523 632 3595 post
651 3535 717 3575 eum
739 3514 912 3574 interfectus
934 3520 981 3573 est
1002 3510 1141 3587 (Tacitus
1156 3512 1225 3570 hist.
1244 3513 1271 3583 1,
1285 3510 1350 3586 48),
1372 3529 1432 3587 quo

109 3625 237 3696 tempore
264 3625 408 3693 atquem
434 3618 632 3689 ob··causam,
657 3618 820 3696 ignoratur.
864 3613 1038 3692 cognomen
1066 3611 1192 3671 alterum
1218 3630 1291 3671 cave
1317 3612 1432 3671 'referas

108 3717 180 3777 iuter
203 3738 259 3791 aa,
286 3737 363 3796 quae
390 3727 460 3794 poet
487 3717 679 3795 adoptionem
707 3719 823 3796 factam
843 3716 984 3791 antiquae
1009 3711 1141 3773 familiae
1169 3712 1343 3772 memoriam
1368 3730 1431 3771 ser-

109 3859 308 3872 1*

180 3956 204 4020 ¹)
234 3953 280 4008 On.
300 3956 433 4026 Pompeiae
451 3955 577 4025 Mapoura:
603 3957 674 4010 Suet.
694 3957 754 4010 Gai.
774 3957 818 4008 ³5.
843 3955 935 4008 Claud.
950 3957 998 4017 21,
1022 3953 1077 4005 Dio
1095 3954 1139 4016 60,
1154 3954 1179 4004 6.
1220 3949 1265 4004 Ca.
1284 3950 1426 4019 Pompeiae:

108 4046 175 4098 Suet.
194 4047 287 4099 Claud.
302 4049 345 4099 29.
383 4047 508 4116 dloquar:
528 4048 592 4100 Tac.
611 4047 773 4110 11111146,
793 4048 893 4102 Seneca
910 4045 999 4112 apoth.
1016 4045 1063 4108 11,
1082 4044 1136 4095 Dio
1155 4045 1199 4106 60,
1215 4045 1258 4093 21.

179 4135 204 4200 ¹)
231 4139 331 4204 Apelt.
347 4142 394 4191 11:
415 4139 508 4191 occidit
524 4141 553 4190 a'n
570 4155 622 4189 una
639 4137 711 4189 domo
727 4135 851 4199 &aarum
866 4134 995 4204 Mupnaur,
1011 4133 1176 4194 Scribonium,
1198 4133 1339 4184 diationico
1357 4147 1428 4182 arcu·

107 4229 203 4291 rioncm,
223 4228 320 4282 achilee
339 4237 426 4292 tarum,
450 4229 568 4282 &aarum
585 4244 644 4281 vcro
663 4235 714 4280 tum
724 4227 834 4294 futuam,
853 4235 882 4278 at
898 4229 974 4278 ctiam
991 4239 1105 4292 manure
1112 4230 1209 4292 parret.
1240 4223 1328 4273 Verba
1346 4223 1428 4285 attuli,

108 4325 134 4367 ut
154 4335 286 4372 monerem
309 4322 336 4372 in
360 4322 506 4387 corruptela
531 4336 584 4373 nou
606 4321 686 4371 latere
709 4321 817 4371 nomina
834 4320 953 4384 propria,
978 4331 1043 4384 quae
1061 4321 1101 4366 est
1118 4315 1207 4380 opinio
1225 4320 1251 4363 et
1268 4314 1384 4377 priorum
1402 4319 1429 4361 at

107 4407 263 4474 Buechelcri,
282 4413 328 4463 sed
342 4413 494 4478 vituperium
513 4412 618 4478 aliquod
637 4412 783 4478 oppositum
803 4411 827 4460 ei
846 4424 911 4475 quae
924 4424 986 4460 mox
998 4406 1161 4473 praedicatur
1172 4403 1309 4455 nobilitati.
1339 4402 1429 4453 Potest

107 4499 181 4551 luisse
199 4503 252 4552 tale
269 4504 392 4568 quiddam
413 4502 452 4553 lut
469 4517 599 4554 emamus
617 4517 647 4552 aa
665 4502 733 4553 mule
751 4501 908 4567 geminatum
927 4513 983 4550 ease
1001 4495 1165 4557 alibrariie):
1185 4494 1233 4545 tria
1244 4492 1274 4544 di
1285 4492 1345 4544 boni
1355 4507 1426 4544 ueru-

106 4591 167 4652 riot,
188 4594 247 4644 iam
267 4591 365 4645 nobiles
387 4599 476 4645 tamea.
512 4594 636 4644 Moenus
658 4594 743 4658 potuit
765 4592 817 4643 dici
838 4592 917 4642 homo
941 4589 1016 4640 unius
1039 4587 1117 4648 aesia,
1142 4592 1171 4637 ut
1192 4583 1377 4651 dupondiariua
1401 4591 1427 4635 et

106 4683 277 4735 martius-iae·
288 4682 359 4736 humo
378 4685 470 4750 legitur
488 4685 558 4750 apud
575 4684 734 4736 Petronium.

177 4773 203 4836 ι)
229 4775 282 4828 Dio
296 4775 339 4837 60,
354 4775 384 4828 5:
402 4763 590 4844 καταφρᾶνησα,
609 4765 640 4832 cic
657 4772 698 4824 nal
716 4767 818 4823 certior
836 4764 873 4822 ἴτ’
892 4763 968 4821 circii
986 4757 1063 4824 durau.

177 4862 204 4926 ⁴)
230 4865 339 4917 Plenum
358 4881 452 4918 nomeu
470 4847 564 4933 legitur
582 4867 610 4917 in
627 4866 743 4916 veterani
761 4864 901 4929 diplomate
919 4859 989 4928 apud
1005 4861 1155 4922 chmnum
1173 4855 1295 4908 116868.
1327 4851 1365 4906 M.
1377 4851 1425 4904 Li·

106 4955 197 5006 ciuium
220 4955 491 5020 Tac.ann.15‚3a.
532 4955 639 5009 Oraerra
657 4953 756 5022 Frugi:
779 4955 896 5006 Frondn.
918 4967 960 5019 aq.
981 4953 1043 5002 102.
1080 4963 1187 5001 ...cour
1205 4945 1303 5014 Frupir
1327 4944 1425 4996 Marini

106 5043 167 5095 An.
184 5060 212 5112 p.
225 5046 269 5098 61.
309 5045 429 5100 Orator:
452 5050 516 5102 Tac.
535 5048 594 5100 hiet.
609 5050 634 5110 1,
648 5049 693 5099 48.
713 5047 744 5110 4,
758 5047 808 5111 42,
833 5045 902 5096 Pliu.
921 5059 962 5109 ep.
977 5047 1001 5105 1,
1017 5042 1077 5106 5,3
1102 5047 1126 5090 et
1150 5041 1177 5090 in
1194 5038 1269 5090 lastis
1287 5037 1424 5100 chronogr.

107 5147 128 5184 a
141 5135 203 5197 stt,
222 5137 355 5200 Idatlania,
375 5139 441 5190 ullis.
1402 5189 1407 5197 Ι

179 5224 204 5287 ‘l
230 5223 411 5280 Scmlomaaua
432 5225 552 5280 Graccum
570 5229 634 5282 Tac.
653 5229 713 5279 hist.
726 5228 752 5290 4,
767 5227 812 5278 39.
850 5223 1046 5278 Scribonianus:
1065 5224 1128 5276 Tac.
1147 5221 1207 5272 hist.
1222 5221 1248 5281 1,
1261 5219 1304 5269 47.

1162 5306 1222 5365 10*
