3582 5956
500 634 798 690 ossuuvarronss
817 607 934 689 aereis..
952 635 1029 687 vm.
1265 599 1268 606 ’
1355 613 1425 685 149

113 810 257 870 Arvalium
278 827 305 866 a
320 827 351 885 p.
367 806 439 867 Chr.
457 808 496 866 14
517 807 623 884 (tabl
642 807 778 884 Marinii)
798 806 950 884 pontilicis
971 804 1138 866 sacerdotio
1159 804 1276 864 adiecto
1298 806 1336 864 ab
1359 805 1426 863 aliis

113 910 279 987 aequalibus
306 907 440 969 eiusdem
467 909 597 970 nominis
618 908 822 986 distinguitur.
864 907 899 966 Id
922 915 1021 967 autem
1042 906 1185 982 temporis
1205 906 1339 965 rationes
1361 924 1428 965 cum

114 1031 167 1071 non
190 1011 341 1089 patiantur
368 1009 451 1085 (nam
478 1009 586 1069 iratres
607 995 743 1068 Liciniae
763 1009 891 1086 Magnae
918 1009 981 1067 nati
1007 1016 1077 1068 sunt
1098 1027 1123 1066 c.
1145 1025 1173 1064 a.
1190 1005 1327 1078 27-38,
1355 1006 1428 1066 Piso

113 1112 237 1188 pontifex
266 1111 318 1171 ille
343 1112 419 1171 obiit
445 1111 657 1188 octogenarius
686 1127 715 1187 p.
737 1107 809 1169 Chr.
825 1109 896 1187 32),
925 1108 1050 1168 maritus
1075 1109 1204 1186 Magnae
1233 1108 1312 1167 alius
1339 1108 1430 1166 fuerit

114 1230 224 1272 necesse
250 1221 313 1287 est,
343 1231 398 1272 nee
425 1230 604 1289 quemquam
629 1211 748 1291 repperi
774 1219 897 1290 propter
922 1217 1050 1270 nentem
1078 1211 1152 1270 satis
1180 1216 1283 1285 aptum
1311 1219 1430 1286 praeter

114 1313 145 1372 L.
158 1313 296 1372 Pisonem
318 1301 473 1372 consulem
484 1317 521 1371 'a
538 1312 587 1386 57,
609 1319 712 1372 natum
730 1313 823 1390 igitur
837 1312 918 1371 ciroa
938 1330 964 1370 a
979 1329 1009 1387 p.
1026 1308 1097 1370 Chr.
1114 1310 1163 1382 24,
1185 1327 1273 1387 quem
1288 1318 1319 1368 et
1331 1309 1428 1387 ipsum

114 1414 276 1491 pontificatu
297 1423 434 1474 ornatum
454 1413 549 1482 ¹fnisse
570 1423 650 1472 oerte
670 1413 747 1472 nihil
766 1411 897 1489 vetat1).
932 1410 1067 1472 Uxorem
1090 1430 1157 1470 eum
1178 1410 1303 1470 duxisse
1324 1411 1429 1469 filiam·

115 1533 165 1590 que
188 1533 223 1574 ex
250 1533 291 1574 ea
315 1515 456 1592 genuisse
478 1514 603 1574 Tacitus
625 1513 709 1590 (hist.
729 1513 894 1590 4,11.59)
916 1513 1035 1586 scribit3
1061 1531 1169 1572 nomen
1194 1521 1332 1572 auctores
1353 1526 1431 1587 quos

115 1615 243 1675 habemus
265 1635 328 1676 non
348 1615 543 1676 tradiderunt.

185 1717 232 1775 Ex
252 1719 389 1794 posteris
411 1717 518 1777 horum
539 1715 681 1794 (quorum
696 1714 839 1777 Crassum
861 1715 955 1793 Frugi
976 1724 1118 1792 quattuor
1138 1713 1250 1774 liberos
1272 1712 1431 1774 sustulisse
1527 1699 1533 1708 ’

114 1815 241 1889 vidimus,
270 1825 459 1896 possuntque
484 1819 574 1877 etiam
596 1817 811 1880 Scribonianus
832 1827 864 1878 et
883 1817 960 1877 Piso
980 1817 1091 1875 liberos
1113 1824 1184 1892 post
1205 1833 1238 1875 se
1257 1813 1432 1892 reliquisse)

115 1919 220 1978 nomine
239 1939 321 1980 unus
341 1929 456 1980 mutum
477 1926 728 1980 commemoratur
751 1919 926 1996 Calpurnius
951 1919 1075 1978 Crassus
1097 1915 1243 1993 Plutqii),
1265 1917 1317 1992 qui
1338 1917 1432 1992 impe·

115 2029 189 2077 rante
207 2019 315 2079 Nerva
340 2039 405 2080 cum
431 2037 557 2098 regnum
583 2020 779 2097 appetivisset
799 2009 964 2079 Tarentum
990 2027 1125 2078 remotus
1151 2023 1211 2089 est,
1236 2017 1352 2075 deiude'
1365 2035 1433 2076 cunr

115 2119 148 2177 sd
167 2121 265 2180 eadem
291 2121 418 2180 consilia
436 2122 577 2182 rediisset
597 2123 652 2181 sub
674 2120 823 2194 Traiano,
849 2121 881 2178 in
902 2121 1032 2179 insulam
1052 2119 1217 2194 relegatus,
1239 2117 1367 2193 denique
1388 2117 1433 2175 in·

115 2220 172 2278 sula
194 2239 338 2299 egressus
365 2223 421 2283 sub
442 2222 599 2282 Hadriano
624 2231 757 2282 necatus.
800 2221 928 2282 Animos
956 2221 1068 2280 adres
1093 2237 1189 2279 novas
1216 2219 1383 2277 moliendas
1404 2218 1434 2278 ei

114 2321 176 2381 ieoit
194 2323 257 2384 sine
284 2323 374 2384 dubio
395 2325 463 2401 ipsa
483 2323 635 2397 nobilitas,
655 2343 717 2401 quo
739 2325 859 2383 nomine
881 2341 955 2382 sane
977 2339 1013 2380 eo
1035 2324 1168 2396 tempore
1186 2319 1240 2379 vix
1261 2319 1358 2378 ullum
1379 2320 1433 2377 ha·

115 2423 170 2482 buit
189 2425 245 2484 sibi
265 2443 384 2503 parem.
427 2422 517 2498 Quod
538 2425 674 2484 sinatus
697 2431 801 2484 estex
823 2424 935 2484 Pisone
955 2423 1098 2500 adoptato
1120 2438 1139 2479 a
1161 2419 1276 2494 Galba,
1299 2439 1360 2496 quo
1381 2420 1434 2479 du-

117 2541 175 2583 cere
192 2525 312 2586 videtur
334 2519 493 2604 calpurnii
513 2544 635 2599 nomen,
660 2525 906 2603 repraesentabat
926 2525 958 2584 in
979 2542 1013 2582 se
1034 2523 1169 2582 Licinius
1192 2519 1335 2592 Crassos,
1364 2519 1436 2580 Gal·

116 2627 226 2698 purnios
254 2628 386 2686 Pisones
411 2627 521 2704 Frugi,
552 2627 715 2706 Pompeios
742 2625 885 2703 Magnos,
914 2622 1091 2687 Scribonios
1118 2623 1267 2696 Libones,
1294 2621 1434 2682 Lutatius

118 2722 244 2801 Catulos,
271 2727 425 2805 Sulpicios
447 2725 581 2801 Galbae,
607 2737 641 2789 ut
666 2745 738 2788 saue
759 2735 850 2806 poeta
871 2727 978 2786 aetatis
999 2724 1232 2800 Domitianae³)
1254 2741 1314 2784 non
1336 2724 1436 2801 inepte

116 2827 263 2888 celebrarit
282 2833 364 2888 atnb
383 2830 522 2889 Pisonum
542 2849 605 2890 eum
626 2840 767 2888 stemmata
789 2838 854 2888 toto.

191 2929 331 2990 Vidimus
357 2931 395 2990 de
416 2929 538 2992 Crassis
559 2929 666 3008 Frugi3
693 2936 845 3009 superest,
874 2938 907 2988 ut
926 2919 1135 2989 recenseamus
1157 2927 1193 2987 L.
1215 2926 1359 3000 Pisones,
1384 2925 1437 3002 qui

117 3029 226 3102 quidem
250 3040 378 3108 propter
402 3038 529 3092 aemtem
551 3031 589 3090 ad
611 3031 690 3091 hauc
710 3031 940 3108 disputationem
962 3031 1111 3109 pertinere
1132 3029 1252 3108 possint
1271 3037 1301 3087 et
1321 3031 1437 3104 patrem

118 3128 262 3192 habuerint
283 3133 480 3211 praenomine
501 3141 555 3192 aut
573 3131 661 3192 Lucii
683 3141 735 3192 aut
755 3133 878 3191 incerto.
922 3129 1096 3191 Omittimus
1117 3130 1209 3206 igitur
1229 3128 1305 3187 duos
1326 3127 1363 3186 L.
1385 3125 1436 3186 Pi·
1554 3171 1558 3180 .

118 3247 197 3292 sones
218 3232 318 3294 Gnaei
343 3233 423 3293 filios
449 3252 512 3294 cos.
539 3253 566 3292 a.
588 3254 618 3292 u.
638 3251 664 3293 o.
681 3234 740 3292 753
767 3241 799 3292 et
823 3249 853 3308 p.
869 3229 940 3290 Chr.
957 3230 995 3290 27
1002 3251 1011 3303 ;
1037 3232 1117 3291 hunc
1143 3229 1223 3288 enim
1242 3229 1314 3287 licet
1338 3228 1437 3305 ipsum

117 3343 229 3410 propter
262 3335 361 3414 patris
396 3337 572 3394 memoriam
604 3335 773 3394 damnatam
805 3350 989 3409 praenomen
1022 3330 1120 3391 Gnaei
1152 3329 1270 3389 abicere
1302 3337 1438 3388 coactum

118 3431 201 3506 (Tac
230 3457 300 3497 ann.
329 3439 363 3510 3,
387 3437 444 3514 17)
475 3443 583 3514 postea
613 3421 734 3513 quoque
760 3433 857 3494 Gnaei
889 3433 984 3492 filium
1017 3431 1166 3492 mansisse
1195 3437 1277 3489 reete
1307 3429 1438 3489 dubitari

118 3551 171 3594 uon
201 3547 319 3614 potest;
351 3545 431 3598 certe
462 3536 493 3596 in
524 3537 622 3597 indiae
653 3536 763 3596 Dionis
794 3535 889 3594 lulius
918 3534 1068 3592 Antonius
1102 3531 1240 3591 similiter
1271 3530 1441 3608 appellatur
1539 3543 1543 3556 ·

119 3635 204 3696 Marci
232 3641 325 3700 illius.
373 3639 514 3723 Denique
544 3637 580 3697 L.
610 3636 892 3715 CalpurniusPiso
918 3634 1012 3712 Frugi
1037 3633 1228 3705 Licinianus,
1260 3631 1285 3690 si
1319 3630 1439 3708 quidem

118 3747 189 3796 reete
218 3757 312 3819 supra
344 3738 501 3800 docuimus
527 3738 678 3799 Liciniani
708 3756 816 3797 nomen
848 3757 917 3796 eum
948 3731 1011 3795 non¹
1040 3734 1079 3793 ab
1109 3734 1271 3810 adoptione
1298 3732 1440 3805 traxisse,

118 3834 205 3898 llarei
229 3842 314 3902 filius
335 3840 406 3914 fuit,
433 3860 494 3900 non
513 3839 610 3900 Lucii.
653 3839 702 3900 Ita
722 3858 784 3901 nou
805 3846 919 3898 restant
939 3838 998 3897 nisi
1019 3843 1095 3910 tres,
1123 3835 1160 3894 de
1181 3834 1291 3912 quibus
1312 3834 1440 3912 eogitari

118 3939 214 4014 possit,
235 3944 289 4019 qui
311 3949 385 4002 sunt
404 3940 446 4002 bi.

198 4043 225 4101 l.
266 4041 305 4102 L.
330 4041 513 4121 Calpurnius
534 4040 570 4102 L.
592 4041 614 4100 i.
636 4041 710 4102 Piso
731 4040 864 4118 (Frugi)
887 4039 993 4100 consul
1015 4048 1042 4100 a.
1058 4038 1134 4112 739,
1161 4046 1298 4098 mortuus
1322 4043 1442 4115 octoge-

118 4140 213 4202 narius
234 4162 262 4204 a.
278 4165 309 4204 u.
326 4163 352 4205 c.
368 4144 428 4204 785
447 4167 487 4196 ·-·-
507 4163 537 4221 p.
553 4141 624 4204 Chr:
641 4142 697 4216 32,
722 4143 759 4202 de
780 4159 840 4219 quo
862 4137 955 4219 supra
975 4140 1116 4200 diximus.
1159 4138 1254 4215 Frugi
1276 4133 1449 4212 cognomen
1478 4137 1482 4150 '

119 4239 287 4321 plerumque
309 4244 465 4304 omittitur.

194 4341 224 4403 2.
266 4343 304 4404 L.
328 4341 511 4422 Calpurnius
533 4342 609 4403 Piso
635 4344 662 4403 is
687 4343 740 4419 qui
764 4342 882 4419 legatus
903 4341 1071 4419 Hispaniae
1091 4337 1238 4400 citerioris
1259 4338 1349 4415 periit
1369 4355 1440 4413 ap.

122 4437 187 4500 cnr.
202 4441 253 4517 26,
275 4463 366 4522 quem
387 4445 482 4505 filium
503 4443 710 4524 praecedentis
731 4443 827 4503 inisse
848 4441 943 4502 videri
965 4459 1057 4518 supra
1077 4440 1312 4501 observavimus.

120 4563 321 4579 ψ

191 4628 215 4692 ¹)
241 4632 302 4682 Hoc
325 4631 350 4682 sl
366 4644 455 4681 verum
479 4637 532 4693 est,
555 4629 624 4680 tituli
645 4628 698 4681 duo
717 4629 830 4680 urbanus
848 4628 917 4678 Mur.
932 4627 1034 4689 15³,a
1059 4625 1137 4676 hodie
1159 4625 1187 4675 in
1206 4623 1337 4690 Capitolio
1355 4623 1442 4674 adser-

120 4723 199 4770 vatur:
216 4719 290 4771 Iulia
308 4720 358 4784 (sie
374 4721 475 4772 videtur
492 4735 548 4773 esse
566 4721 594 4772 in
612 4722 699 4786 lapids
717 4721 784 4770 mals
802 4717 908 4785 scripto)
927 4713 960 4768 L.
979 4716 1084 4768 Pisonis
1096 4715 1205 4783 potsse
1224 4714 1335 4766 detritio
1349 4711 1443 4782 Eripis

120 4811 217 4858 serena
225 4809 295 4876 jecit
316 4819 342 4861 et
359 4811 463 4863 Velelaa
483 4811 552 4877 apud
570 4811 679 4863 Larum
696 4812 757 4862 iser.
776 4808 846 4861 delio
863 4807 937 4860 aonia
954 4805 1067 4858 Porsiere
1085 4822 1112 4873 p.
1126 4807 1174 4858 soa
1198 4803 1231 4857 L.
1253 4803 1391 4874 Onlpumtb
1410 4801 1443 4854 L.

115 4895 138 4959 s·
155 4897 245 4952 Pisoni
259 4900 355 4969 pontif.
374 4916 424 4953 eus.
442 4902 500 4968 pari
518 4903 574 4952 iure
592 4902 683 4952 reierri
700 4907 821 4967 poterunt
838 4899 872 4951 sd
890 4899 1008 4950 eonsules
1026 4913 1051 4949 a.
1064 4915 1089 4949 u.
1103 4915 1125 4950 c.
1140 4897 1193 4948 739
1212 4901 1239 4948 et
1256 4911 1283 4961 p.
1296 4896 1359 4948 chr.
1373 4894 1417 4946 67.

190 4986 216 5051 ¹)
241 4987 367 5059 Kpdrcoe
383 4979 556 5061 Kal-adpotus
573 4989 619 5042 aiio
636 4980 762 5062 Kpoirruv
780 4985 875 5041 insinuo
893 4984 992 5056 ἔγγονος
1010 4989 1080 5056 apud
1097 4987 1210 5040 Dionem
1227 4987 1271 5050 66,
1285 4987 1317 5051 ³3
1338 4982 1445 5050 Calpur-

123 5077 175 5128 aias
194 5077 304 5132 Orsoua
323 5081 351 5132 in
365 5083 480 5134 Victoris
498 5084 611 5151 epitoma
629 5084 673 5147 13,
689 5085 720 5145 7,·
739 5079 825 5150 Frugi
844 5078 953 5134 Gnarus
971 5080 999 5133 iu
1018 5081 1086 5132 vitae
1104 5077 1230 5131 Hadriani
1249 5093 1271 5129 c.
1285 5077 1315 5140 ὅς
1338 5071 1447 5128 sasas

124 5169 188 5232 apud
204 5169 321 5222 Dionem
340 5171 443 5235 68,16.

195 5257 220 5324 ²)
246 5261 377 5316 Martialis
395 5264 421 5327 4,
435 5265 480 5316 40.
