3546 5950
496 591 930 648 oassavarrouasumou.
948 593 1014 649 vn.
1348 575 1420 647 133

97 769 194 827 lentur
213 767 364 827 candidati
383 773 497 825 tantam
518 785 573 845 per
592 766 729 844 ellipsin;
755 773 856 825 emant
876 766 954 825 eninr
975 765 1183 839 meoiudicio,
1205 766 1257 841 qui
1278 767 1357 825 huuc
1376 767 1420 824 lo·

96 869 203 944 quendi
223 886 310 928 usum
331 867 518 928 immutatum
539 865 579 925 ad
599 885 697 926 rerum
712 867 976 944 institutorumque
990 867 1182 927 mutationem
1199 867 1383 943 reserunt1).

247 971 282 1041 5.
334 965 490 1040 Praetor
515 967 561 1041 de
586 965 798 1041 liberalibus
825 966 956 1040 causis.

175 1087 218 1147 Ut
249 1087 477 1148 centumvirales
509 1105 620 1148 musae
651 1089 690 1146 ad
719 1095 889 1163 praetorem
908 1085 1080 1147 ‘hastarium
1108 1087 1302 1164 spectabant,
1334 1086 1419 1146 fidei-

97 1189 300 1248 commissaria
320 1188 487 1248 iurisdictio
509 1189 547 1248 ad
568 1199 735 1266 praetorem
757 1188 1074 1260 fideicommissarium,
1096 1187 1253 1264 pupillaris
1276 1188 1314 1246 ad
1335 1206 1420 1264 pree·
1499 1245 1502 1252 ,

96 1299 186 1350 torem
222 1290 411 1363 tutelarium,
446 1289 490 1348 ita
524 1289 614 1348 etiam
648 1289 787 1348 liberales
820 1307 928 1349 causus
960 1308 1046 1348 suum
1079 1299 1246 1364 praetorem
1276 1289 1421 1347 habuisse

96 1390 335 1470 inscriptionibus
367 1396 437 1449 ante
468 1391 524 1448 has
556 1391 695 1450 inventas
726 1391 893 1450 tacentibus
926 1407 1066 1448 notamus
1095 1390 1275 1476 praesertim
1306 1408 1344 1448 ex
1373 1407 1420 1448 re·

96 1492 202 1569 scripto
230 1491 301 1550 dato
323 1509 350 1549 a.
366 1488 427 1549 226
455 1490 493 1548 ab
518 1491 589 1568 imp.
612 1489 846 1568 Alexandr02),
872 1491 903 1549 in
925 1508 985 1567 quo
1006 1491 1146 1567 leguntur
1171 1490 1258 1549 haec:
1285 1486 1422 1547 'libertate

96 1603 257 1668 competente
284 1591 473 1668 (praefectus
500 1592 587 1668 urbi)
615 1593 736 1668 perduci
766 1611 828 1651 eum
859 1594 903 1651 ad
927 1602 1104 1667 praetorem,
1137 1594 1217 1649 cutus
1243 1592 1279 1649 de
1308 1589 1422 1648 liberali

97 1711 180 1752 conso
200 1695 363 1752 iurisdictio
383 1704 438 1764 est,
463 1704 496 1752 ut
516 1693 558 1750 ibi
578 1693 615 1752 lis
636 1694 789 1765 ordinetur,
811 1687 936 1752 iubebit’.
980 1691 1027 1750 Ea
1046 1691 1214 1750 iurisdictio
1235 1692 1301 1750 fieri
1322 1699 1423 1768 potest

96 1799 126 1852 ut
144 1795 316 1853 introducta
336 1795 376 1853 sit
396 1793 477 1853 circa
496 1794 573 1852 hanc
594 1795 691 1870 ipsam
713 1801 850 1865 aetatem,
872 1789 949 1852 sicut
968 1800 1138 1869 praeturam
1160 1792 1330 1850 tutelariam
1351 1809 1422 1848 con·

96 1903 151 1953 stat
178 1890 347 1954 institutam
379 1911 448 1954 esse
480 1913 500 1952 a
526 1893 596 1952 divo
624 1894 727 1953 Marco
754 1894 939 1969 eundemque
967 1894 1056 1951 etiam
1085 1876 1145 1950 alio
1174 1894 1294 1951 nomine
1321 1891 1422 1950 causis

96 1995 265 2054 liberalibus
293 1995 463 2074 providisse
490 1994 543 2071 (cl.
571 1994 634 2053 vita
661 2013 688 2054 c.
704 1994 754 2071 i)3
783 1993 837 2054 sed
864 1993 961 2071 magis
990 1993 1165 2052 crediderim
1190 2001 1359 2068 praetorem
1385 1993 1423 2050 de

96 2095 265 2155 liberalibus
287 2097 386 2156 causis
405 2096 501 2154 creari
519 2106 657 2174 coeptum
677 2113 746 2156 esse
767 2098 805 2155 ab
819 2096 966 2172 Augusto.
1002 2093 1083 2153 Nam
1106 2087 1164 2152 non
1186 2093 1325 2170 ignorant
1345 2090 1420 2149 iuris

96 2196 253 2272 prudentes
278 2213 385 2257 causas
407 2197 547 2257 liberales
569 2197 608 2255 ab
628 2197 839 2272 antiquissimo
859 2195 928 2255 inde
949 2204 1083 2271 tempore
1108 2205 1194 2252 suum
1216 2194 1314 2253 forum
1335 2209 1423 2252 suos-

97 2317 149 2374 que
168 2299 368 2377 magistratus
390 2299 546 2371 habuisse,
574 2297 689 2358 scilicet
710 2297 897 2358 decemviros
918 2297 1023 2355 litibus
1044 2294 1225 2366 iudicandis;
1254 2311 1331 2370 quos
1353 2310 1422 2352 cum

96 2400 250 2478 Augustus
278 2399 317 2458 ud
342 2399 570 2458 centumviralis
596 2400 709 2460 iudicia
733 2399 926 2468 transferret,
954 2416 993 2456 ne
1013 2398 1089 2456 tanti
1111 2395 1252 2454 momenti
1274 2411 1323 2454 res
1350 2393 1422 2453 adu-

96 2500 263 2560 lescentulis
291 2501 535 2574 committeretur,
564 2499 654 2560 simul
678 2518 788 2561 musas
809 2499 951 2558 liberales
974 2497 1026 2557 uni
1048 2516 1086 2557 ex
1108 2496 1262 2556 duodecim
1285 2495 1422 2571 quitum

95 2610 174 2661 erant
193 2603 385 2679 praetoribus
408 2620 477 2660 eum
498 2600 671 2661 attribuisse
692 2601 877 2660 crediderim.

247 2705 281 2774 6.
327 2699 504 2800 [Legatus
520 2699 732 2801 provinciae
746 2698 913 2798 Albinae
929 2697 1089 2797 regionis
1102 2693 1421 2797 Hipponiensium.

172 2823 298 2882 Omittit
320 2823 467 2900 Aquinas.
510 2822 569 2900 lagi
597 2822 635 2882 de
663 2823 772 2900 legatis
798 2819 989 2899 proconsulis
1011 2819 1135 2878 Africae
1156 2818 1328 2876 dioeceseos
1349 2815 1424 2876 Car·

98 2923 289 3000 maginiensis
315 2931 345 2984 et
369 2923 540 2983 dioeceseos
568 2923 633 2982 sive
661 2923 793 3001 regionis
818 2920 1038 2999 Hipponiensis
1068 2919 1125 2995 (cs.
1152 2919 1179 2978 I.
1201 2918 1240 2978 N.
1266 2917 1364 2994 1433)
1391 2917 1424 2976 11

98 3025 166 3085 actis
192 3025 346 3084 societatis
368 3023 537 3086 Saxonicae
565 3044 593 3083 a.
610 3022 690 3084 1853
717 3044 746 3102 p.
764 3022 834 3082 219.
878 3020 940 3081 seu
965 3039 1026 3080 non
1053 3019 1165 3078 attendi
1193 3019 1235 3078 ibi
1263 3019 1303 3076 ad
1324 3017 1423 3076 locum

97 3123 182 3185 Plinii
203 3126 294 3204 epist.
317 3125 352 3197 9,
369 3127 424 3199 33,
450 3126 501 3186 ubi
527 3125 579 3201 qui
604 3125 774 3184 nominatur
795 3121 940 3182 Octavius
961 3121 1071 3180 Avitus
1093 3120 1210 3196 legatus
1231 3116 1423 3195 proconsulis

97 3227 261 3288 consistens
286 3227 317 3285 in
342 3226 448 3286 Africa
472 3225 506 3286 in
531 3226 650 3284 colonia
670 3223 871 3300 Hipponiensi
897 3231 1000 3298 aperte
1026 3220 1130 3280 eodem
1158 3218 1225 3277 loco
1250 3218 1308 3276 snit
1332 3225 1424 3292 atque

98 3327 122 3385 is
145 3327 181 3386 de
208 3347 272 3406 quo
293 3327 424 3406 argrimum
452 3327 624 3406 Hipponem
646 3333 745 3385 autem
766 3324 809 3383 ibi
829 3323 963 3400 intellegi
984 3339 1044 3380 non
1065 3320 1192 3396 Regium
1214 3319 1246 3377 in
1267 3316 1421 3388 Numidia,

98 3430 147 3487 sed
165 3429 364 3506 Diarrhytum
384 3429 558 3506 provinciae
578 3425 802 3506 proconsularis
824 3423 951 3485 efficitur
971 3423 1081 3484 collato
1101 3421 1170 3480 loco
1185 3418 1278 3478 Plinii
1299 3416 1422 3476 maioris

98 3529 161 3589 bist.
183 3539 244 3590 nat.
270 3530 299 3603 9,
315 3530 345 3603 8,
361 3528 410 3590 26.
1189 3537 1191 3547 '

246 3632 282 3708 t.
337 3627 496 3704 Ourator
520 3625 575 3702 rei
599 3625 769 3727 publicae
794 3622 1112 3700 Ocriculanorum.

175 3751 299 3812 Omittit
320 3749 459 3811 Casinas.
503 3747 664 3810 Curatores
689 3748 856 3807 civitatium
880 3745 1047 3823 praetorios
1070 3739 1240 3818 composuit
1260 3738 1422 3798 Henzenus

98 3853 127 3912 in
145 3873 212 3914 ann.
234 3853 307 3912 inst.
332 3851 410 3912 1851
433 3871 463 3930 p.
479 3849 528 3910 23.

248 3955 285 4025 8.
338 3948 498 4025 curator
523 3947 604 4023 viae
629 3945 783 4022 Latinae
809 3943 970 4044 n[ovae].

176 4091 198 4132 u
219 4075 351 4133 litteram
372 4090 450 4149 quae
471 4070 606 4147 sequitur
625 4069 656 4127 in
677 4069 766 4128 titulo
779 4067 931 4145 Aquinate
953 4065 1037 4142 (nam
1059 4065 1102 4123 ita
1114 4062 1157 4122 ibi
1171 4071 1227 4135 est,
1248 4079 1308 4120 non
1324 4076 1369 4131 ar,
1390 4068 1424 4118 ut

98 4173 203 4252 legitur
224 4175 258 4233 in
277 4173 417 4250 exemplo
437 4170 623 4247 Penariano)
643 4171 688 4229 its
707 4169 896 4248 explevimus
917 4173 1040 4244 propter
1060 4163 1196 4236 titulum,
1217 4180 1306 4237 quem
1326 4177 1422 4235 nuper

99 4274 199 4336 Tomis
221 4276 356 4354 repperit
373 4275 519 4334 Ernestus
534 4271 712 4348 Desjardins
732 4269 907 4348 publicique
928 4264 1004 4325 iuris
1024 4265 1096 4324 fecit
1114 4265 1147 4322 in
1169 4262 1327 4321 annalibus
1349 4260 1420 4317 inst.

99 4377 175 4435 arch.
199 4377 280 4438 1888
307 4395 336 4452 p.
352 4375 403 4448 97,
428 4373 466 4433 1..
488 4373 582 4432 Annii
602 4371 702 4431 Italici
721 4367 871 4429 Honorati
896 4365 1070 4443 car(atoris)
1094 4367 1159 4424 cias
1178 4358 1373 4436 Laoic(anne)
1395 4368 1421 4418 st

99 4475 251 4555 1111111)
271 4474 400 4554 cendio)
421 4477 587 4553 imperante
602 4469 787 4532 Alexandro.
822 4469 929 4546 lisque
949 4467 1038 4528 tertio
1059 4471 1139 4524 certe
1159 4461 1280 4523 saeculo
1301 4462 1422 4519 ineunte

171 4758 195 4821 ¹)
222 4761 298 4812 Haec
319 4765 358 4810 est
380 4758 469 4825 opinio
492 4755 596 4812 Stobbii
620 4754 664 4818 (in
688 4752 746 4820 eph.
765 4751 904 4816 Philologo
927 4749 1027 4801 11139
1052 4763 1078 4813 p.
1091 4745 1160 4808 685)
1183 4745 1212 4796 in
1235 4741 1421 4796 commentario

99 4857 229 4914 pausem
247 4851 382 4916 diligente
399 4850 469 4900 taeta
487 4855 514 4898 et
532 4847 590 4898 utili
607 4847 641 4898 de
659 4843 804 4898 candidatis
817 4842 945 4904 Osasmia
963 4841 997 4890 de
1015 4853 1067 4905 qus
1084 4837 1231 4889 coniectura
1243 4834 1345 4886 dicendi
1357 4832 1421 4884 alibi

100 4943 268 5004 opportunior
284 4943 357 4992 loeus
373 4939 485 4991 dabitur.

171 5035 197 5100 ²)
226 5038 293 5090 coa.
312 5039 376 5090 lust.
394 5039 420 5100 4,
436 5037 480 5098 aa,
495 5038 520 5086 1.
547 5035 589 5086 01.
607 5033 802 5086 constitutiones
814 5029 960 5082 0011111111
980 5027 1045 5079 (iod.
1058 5025 1160 5079 Theod.
1175 5024 1201 5087 6,
1214 5025 1242 5086 4,
1257 5023 1291 5073 16
1305 5039 1339 5064 =-·
1353 5019 1420 5072 Ood.

101 5129 161 5178 inst.
173 5131 200 5191 1,
215 5129 291 5190 39,1
310 5135 337 5179 et
352 5127 490 5180 Iustiniani
507 5125 701 5188 norell13,l,
716 5125 746 5173 1=
763 5127 897 5189 praetores
916 5115 980 5168 alric
997 5115 1023 5170 io
1038 5115 1071 5191 τῇ
1088 5103 1216 5186 συγκλήτῳ
1234 5109 1319 5184 βουλῇ
1332 5106 1357 5160 cl
1372 5105 1420 5160 cciv

103 5214 250 5289 masnata
267 5216 307 5269 sal
324 5216 370 5271 etv
388 5213 520 5285 intepescit·
535 5213 578 5267 nat
594 5212 640 5268 τῦν
656 5200 774 5267 essebon
790 5197 986 5280 apuscidpsvas.
