3610 5956
346 550 395 621 14
871 564 1146 617 auumsmnura
1577 569 1673 620 at-as

345 740 385 801 21
407 741 484 800 cista
504 758 593 800 aerea
613 757 708 815 nuper
728 738 891 798 Praeneste
912 747 1040 815 reperta,
1062 756 1142 796 nunc
1163 736 1278 795 Romae
1301 735 1380 813 apud
1401 736 1627 798 Martinettium.

469 1648 605 1729 luppiter
637 1647 761 1724 (rovos)
792 1645 824 1704 in
857 1646 933 1705 solio
964 1644 1074 1706 sedens
1107 1646 1230 1707 sinistra
1260 1648 1375 1708 fulmen
1406 1657 1503 1722 tenet,
1536 1648 1673 1708 dextram

427 1749 555 1828 imponit
580 1767 682 1809 umero
707 1749 832 1807 Iunonis
861 1746 992 1824 (rvuo),
1021 1765 1099 1824 quae
1125 1749 1212 1807 iuxta
1239 1769 1306 1808 eum
1335 1757 1403 1809 stat.
1447 1750 1494 1809 Ab
1521 1751 1560 1809 iis
1589 1769 1674 1810 aver·

429 1871 481 1912 sus
508 1853 607 1912 adstat
627 1850 792 1909 Mercurius
814 1848 996 1924 (maacvms)
1018 1850 1114 1908 oculis
1136 1848 1174 1909 ad
1195 1850 1348 1923 dextram,
1375 1852 1506 1912 fortasse
1526 1851 1557 1909 in
1578 1852 1673 1930 Apol·

427 1953 535 2031 linem,
567 1953 724 2024 coniectis,
757 1952 864 2010 dextra
895 1951 1057 2010 caduceum
1070 1950 1111 2027 (l)
1141 1959 1256 2010 tenens.
1306 1952 1397 2012 quta
1428 1961 1487 2012 stat
1515 1952 1673 2024 Hercules,

428 2054 514 2114 cuius
540 2073 649 2114 nomen
670 2061 772 2130 potest
793 2053 848 2111 sub
869 2053 1005 2129 robigine
1025 2052 1134 2124 latere,
1161 2053 1240 2129 pelle
1261 2053 1384 2112 leonina
1404 2055 1530 2113 amictus
1551 2055 1672 2113 etitem

428 2156 467 2214 ad
497 2157 632 2214 dextram
659 2172 831 2214 conversus.
873 2153 924 2211 Ad
951 2173 1018 2212 eum
1042 2153 1164 2230 respicit
1188 2153 1301 2230 Apollo
1328 2153 1473 2231 (croso),
1500 2155 1554 2216 sed
1580 2155 1672 2214 disee·

427 2256 472 2317 dit
500 2267 650 2334 tamquam
676 2257 788 2327 iratua3
818 2256 926 2314 dextra
955 2263 1035 2314 tenet
1061 2255 1179 2313 laurum
1207 2273 1333 2333 eamque
1360 2255 1511 2316 Hercules
1537 2263 1671 2334 prensat.

426 2357 529 2418 Liberi
557 2357 695 2434 (cerasa)
726 2356 859 2428 barbati,
891 2357 943 2433 qui
968 2356 1127 2433 proximus
1155 2363 1217 2428 est,
1249 2356 1344 2416 facies
1374 2375 1520 2433 expressa
1547 2366 1595 2417 est
1622 2357 1673 2415 ad·

428 2476 529 2531 versa,
555 2459 674 2517 videtur
699 2466 798 2517 autem
825 2475 902 2534 qaae
927 2457 1004 2516 fiunt
1028 2477 1089 2516 non
1115 2459 1276 2517 attendere.
1318 2458 1409 2517 quta
1435 2477 1504 2517 eum
1525 2467 1573 2518 est
1595 2459 1672 2518 vitis.

429 2559 547 2620 Deinde
572 2559 707 2618 Victoria
738 2557 927 2634 (vtcroam)
964 2560 1103 2618 manibus
1135 2565 1245 2618 tractat
1274 2558 1384 2618 lineam
1416 2579 1435 2618 a
1465 2577 1526 2636 qua
1559 2559 1674 2636 globuli

429 2658 656 2738 (margaritael)
683 2661 746 2736 apti
772 2666 855 2732 sant;
885 2661 971 2718 iuxta
995 2660 1078 2719 humi
1103 2660 1202 2718 iacent
1227 2659 1352 2736 clupeus
1377 2667 1407 2719 ct
1431 2660 1527 2737 galea.
1573 2661 1674 2737 Prope
1791 2707 1792 2736 .

428 2770 476 2821 cst
500 2761 635 2822 Minerva
663 2759 845 2837 (mensave)
872 2761 970 2836 capite
995 2761 1092 2834 nudo,
1124 2779 1249 2839 corpme
1277 2761 1438 2834 inclinato,
1471 2762 1509 2822 ad
1537 2762 1673 2822 dextram

428 2881 590 2934 conversa,
621 2881 744 2921 manum
777 2863 913 2920 dextram
944 2862 1101 2939 imponens
1133 2863 1178 2920 ori
1204 2863 1310 2921 Martis
1337 2861 1466 2939 (umas).
1515 2863 1548 2922 Is
1580 2863 1673 2922 multo
1791 2875 1792 2932 t

428 2965 542 3025 minore
570 2963 691 3023 modulo
716 2981 880 3040 expressus
907 2981 997 3038 quam
1023 2965 1114 3023 ceteri
1141 2963 1262 3022 sinistra
1288 2973 1369 3022 tenet
1390 2964 1542 3042 clupeum,
1569 2964 1675 3022 dextra
1791 2949 1792 2962 .

428 3067 537 3143 proicit
556 3066 691 3138 hastam,
718 3064 844 3141 genibus
865 3065 973 3140 positis
994 3065 1026 3122 in
1047 3065 1182 3141 margine
1204 3066 1284 3124 vasis
1306 3065 1407 3142 magni
1428 3065 1534 3124 crateri
1556 3064 1671 3124 similis.

428 3167 514 3227 Intra
534 3167 615 3244 quod
634 3185 712 3243 quac
733 3166 913 3224 exhibentur
932 3165 1030 3226 lineae
1052 3167 1159 3242 mirum
1180 3165 1212 3225 iu
1234 3167 1356 3225 modum
1377 3165 1505 3226 inflexae
1527 3167 1599 3243 quid
1617 3166 1672 3226 sibi

428 3269 531 3342 velint,
553 3287 615 3328 non
635 3268 827 3344 intellegitur.
864 3267 950 3327 Pone
964 3269 1132 3327 Minervam
1148 3267 1230 3325 volat
1251 3267 1377 3344 parvula
1387 3267 1521 3328 Victoria
1535 3267 1673 3338 taeniam,

427 3387 517 3447 quam
546 3370 684 3430 manibus
710 3378 806 3443 tenet,
834 3370 925 3446 capiti
953 3369 1017 3428 eius
1045 3367 1232 3445 impositura.
1274 3367 1450 3429 Postremae
1478 3377 1549 3428 sunt
1574 3367 1674 3426 Diana

429 3471 553 3549 (urana)
579 3471 709 3530 adversa
732 3471 809 3529 facie
836 3478 866 3528 et
893 3471 1005 3542 otiosa,
1027 3479 1062 3528 ut
1088 3469 1222 3528 Fortuna
1243 3469 1418 3546 (roarvua)
1443 3469 1543 3547 amplo
1565 3470 1673 3530 vestitu

428 3571 468 3629 ad
490 3572 643 3630 sinistram
665 3590 827 3642 conversa3
849 3570 956 3630 dextra
977 3573 1042 3630 eius
1064 3581 1182 3647 sceptro
1203 3571 1350 3630 innititur.
1365 3605 1404 3614 -
1426 3571 1464 3630 In
1478 3570 1572 3630 limite
1586 3589 1673 3648 supe·

430 3673 511 3731 riore
531 3681 649 3750 praeter
670 3673 730 3731 alia
751 3681 927 3732 ornamenta
948 3670 1071 3731 Cerberi
1092 3672 1190 3731 forma
1209 3672 1289 3732 facta
1310 3682 1365 3732 est.

347 3808 432 3869 Cista
454 3809 600 3886 singulari
621 3817 796 3884 argumento
818 3807 899 3886 quod
920 3807 1047 3867 incisum
1070 3817 1115 3866 est
1136 3815 1167 3866 et
1188 3810 1356 3868 nominibus
1372 3808 1531 3884 adscriptis
1546 3809 1672 3886 insignis

345 3929 413 3972 oum
433 3910 570 3988 robigine
591 3909 782 3968 vehementer
802 3916 939 3986 correpta
960 3918 1049 3982 esset,
1071 3909 1130 3968 iam
1149 3910 1192 3968 ita
1212 3919 1260 3968 est
1281 3909 1450 3981 emundata,
1471 3916 1505 3966 ut
1526 3928 1603 3987 quae
1622 3927 1674 3968 ex·

345 4029 454 4090 pressa
475 4019 546 4070 sunt
564 4010 638 4070 satis
660 4029 825 4088 agnoscere
846 4012 977 4087 potuerit
996 4009 1166 4088 Helbigius,
1189 4029 1370 4088 quamquam
1391 4011 1523 4069 formose
1545 4010 1673 4068 minores

346 4111 493 4191 quaedam
513 4129 562 4171 res
584 4111 679 4171 adhuc
700 4110 802 4172 latent.
839 4111 972 4173 Nomina
992 4121 1129 4172 accurate
1150 4112 1443 4188 repraesentavimus
1465 4129 1557 4188 supra
1578 4117 1608 4168 et
1627 4129 1674 4168 ar·

344 4223 518 4291 gumentnm
540 4214 744 4273 enarravimus
765 4232 784 4272 a
805 4214 911 4273 dextra
930 4215 1125 4290 procedentes
1141 4212 1180 4271 ad
1194 4212 1356 4273 sinistram.
1393 4212 1673 4289 Interpretationem

344 4316 389 4375 rei
414 4321 518 4392 gestae
542 4317 580 4374 ab
606 4315 721 4373 artifice
747 4334 910 4391 expressae
935 4314 1121 4395 probabilem
1146 4331 1263 4373 senon
1285 4314 1453 4392 repperisse
1474 4312 1580 4372 scribit
1599 4311 1674 4371 Hel·

345 4415 455 4492 bigius‚
477 4417 524 4475 cui
545 4417 618 4476 haec
640 4417 741 4475 omnia
762 4416 913 4476 debemus.
1383 4413 1384 4416 ’

347 4621 394 4681 22
415 4622 446 4682 in
468 4623 591 4700 speculo
613 4623 779 4685 Praeneste
800 4644 879 4702 rep.;
901 4625 1057 4702 possident
1076 4624 1236 4685 Pasinatii.

614 4757 693 4800 ratis
865 4760 937 4802 ΔΙΔΧ
1065 4759 1232 4803 atcvmsmn

565 4841 653 4892 semina
663 4853 734 4892 poena
843 4845 879 4885 sir
892 4853 957 4886 arma
1101 4845 1189 4893 seusina
1363 4842 1447 4885 Silenus

575 4923 642 4974 auda,
656 4924 727 4966 atrum
854 4927 947 4969 isdem
1093 4937 1140 4968 aem
1154 4929 1204 4977 tara

576 5007 683 5048 adiurans
699 5009 735 5058 aaa·
1091 5014 1112 5050 at
1123 5012 1208 5060 pisano

578 5099 644 5131 ama
657 5089 729 5130 tadait

346 5191 385 5252 R.
407 5188 545 5254 Schoene
567 5191 619 5270 qui
638 5191 715 5252 vidit
735 5211 804 5252 ann.
826 5193 897 5254 inst.
920 5193 1000 5253 arch.
1025 5192 1105 5252 1870
1127 5214 1157 5273 p.
1172 5193 1232 5254 351
1245 5210 1291 5270 sq.
1313 5194 1374 5254 tab.
1390 5191 1510 5252 XXIV.
1525 5189 1627 5252 XXV.
