3578 5962
468 621 769 678 oosnnvnrrouns
786 621 907 676 nerea.
926 624 990 676 xv.
1318 609 1391 682 295

59 811 104 860 est
125 799 220 860 sociis
248 795 351 880 populi
372 795 503 857 Romani
524 797 573 854 ins
594 796 690 854 fuisse
718 796 907 856 sacrificandi
928 797 959 856 in
982 794 1133 874 Capitolio
1154 798 1325 880 donumque
1353 808 1394 866 ibi

58 901 188 978 polana
216 899 258 976 (v.
287 899 348 958 vor.
377 898 393 957 1
420 916 450 975 p.
476 899 550 970 113,
576 897 648 956 iam
674 917 704 956 n.
727 897 797 978 aar.
821 897 892 960 aaa.
915 896 991 971 aaa
1020 900 1091 958 eal.
1112 883 1233 960 norica
1263 907 1291 978 1,
1318 908 1394 985 347)

60 1022 119 1078 quo
142 1004 208 1062 iure
224 1020 292 1061 cum
314 1000 366 1060 alii
384 999 491 1058 Boeoti
513 1005 577 1058 tum
591 997 735 1058 Thisbaei
755 1007 826 1059 ante
847 999 895 1059 usi
909 1001 972 1060 siut
987 1015 1112 1060 necesse
1133 1013 1190 1077 est,
1211 1022 1278 1064 cum
1293 1010 1395 1070 socios

59 1104 195 1164 Boeotos
227 1102 339 1162 diserta
370 1100 501 1178 appellet
526 1098 633 1159 Livius
662 1099 727 1177 (42,
753 1101 805 1174 40,
832 1101 875 1177 6).
924 1101 990 1160 Iam
1028 1101 1173 1162 Thisbaei
1209 1115 1330 1183 petunt,
1363 1121 1396 1170 ut

59 1223 167 1263 aarum
192 1201 233 1262 ad
259 1222 325 1263 eam
352 1221 416 1261 rem
443 1201 598 1273 collatum,
620 1189 807 1278 ¹quamquam
829 1221 884 1281 per
909 1202 1091 1262 deditionem
1113 1214 1143 1264 ot
1162 1206 1261 1282 ipsum
1282 1210 1394 1272 factum

59 1305 212 1384 publicum
233 1304 337 1382 populi
352 1303 491 1376 Romani,
513 1283 709 1362 nihilominus
731 1304 789 1362 sibi
810 1303 963 1377 reddatur,
985 1312 1018 1363 ut
1039 1305 1118 1366 dono
1140 1309 1273 1383 perfecto
1295 1312 1395 1374 denuo

60 1409 212 1466 sociorum
231 1403 280 1464 ius
301 1405 375 1464 illud
396 1413 542 1482 usurpent
563 1413 592 1463 et
612 1422 650 1462 ea
670 1404 737 1481 ipsa
756 1425 789 1464 re
810 1405 939 1464 sociatas
961 1404 1058 1464 denuo
1079 1409 1279 1471 confirmetur.

143 1506 303 1584 Capitibus
315 1494 431 1566 duobus
441 1524 520 1583 quae
532 1513 697 1583 sequuntur
711 1511 797 1564 sexto
809 1505 853 1582 (v.
866 1506 1003 1584 35-40)
1017 1515 1048 1567 et
1063 1508 1191 1586 septimo
1201 1510 1244 1588 (v.
1258 1513 1396 1594 40-45)

60 1617 124 1670 arte
147 1609 315 1669 coniunctis
337 1617 460 1668 cavetur
481 1607 518 1666 de
540 1607 700 1667 Thisbaeis
722 1609 816 1685 partis
838 1607 1048 1668 Macedonicae
1069 1610 1195 1672 ducibus
1218 1623 1268 1672 aut
1282 1615 1397 1678 Romae

61 1711 230 1771 detinendis
259 1717 311 1770 aut
337 1718 416 1768 certe
445 1729 465 1768 a
489 1709 589 1786 patria
615 1709 767 1781 arcendis,
794 1709 837 1768 sic
863 1709 925 1768 fere
953 1718 986 1768 ut
1013 1720 1081 1787 post
1106 1713 1217 1774 bellum
1239 1717 1396 1779 Persicum

62 1833 117 1890 per
140 1809 487 1878 universamGraeciam
508 1810 621 1870 lactum
644 1828 714 1871 esse
736 1809 840 1868 scribit
854 1809 1000 1888 Polybius
1023 1813 1088 1886 (30,
1112 1815 1149 1874 13
1170 1817 1251 1892 [10];
1275 1821 1312 1878 cf.
1328 1820 1396 1882 Liv.

60 1914 111 1986 35,
128 1914 194 1991 31).
230 1912 310 1972 Tota
323 1930 372 1972 res
387 1913 570 1990 permittitur
584 1911 717 1992 praetori
739 1912 864 1984 urbano,
886 1930 983 1988 neque
1005 1913 1057 1972 alii
1077 1914 1130 1972 ulli
1143 1919 1276 1992 permitti
1290 1925 1396 1998 potuit,

61 2033 130 2074 cum
151 2022 182 2073 et
202 2014 343 2074 consules
365 2023 397 2074 et
416 2024 537 2093 praetor
557 2015 744 2092 peregrinus,
757 2013 795 2072 ab
817 2012 891 2072 urbe
913 2011 1098 2092 abessent¹).
1142 2018 1233 2093 Apud
1254 2039 1323 2080 eum
1344 2043 1396 2082 no.

60 2118 145 2176 mina
176 2115 257 2176 edita
291 2115 353 2176 siut
379 2133 521 2194 necesso¹
537 2125 586 2175 est
614 2134 732 2188 eornm,
766 2133 786 2173 a
813 2115 923 2191 quibus
956 2114 1123 2176 adversarii
1156 2119 1214 2179 sibi
1244 2121 1396 2198 timereut3

60 2218 143 2277 edita
169 2227 268 2278 autem
296 2225 367 2278 sunt
391 2217 513 2277 omnino
542 2216 744 2276 aThisbaeis
766 2216 881 2277 Romae
909 2215 1110 2292 morantibus,
1137 2227 1171 2278 ut
1194 2221 1226 2280 in
1249 2223 1341 2284 simili
1362 2247 1395 2286 ro

61 2320 175 2380 diserta
195 2319 239 2378 ait
261 2319 409 2398 Polybius
430 2319 451 2379 l.
473 2337 498 2378 c.
542 2317 680 2391 Praetor,
707 2318 758 2396 qui
779 2317 877 2378 edicto
898 2335 951 2378 eos
972 2319 1080 2377 adosse
1101 2319 1192 2393 iubet,
1216 2325 1282 2384 sine
1305 2327 1395 2386 dubio

58 2423 86 2481 is
117 2421 185 2498 ipse
212 2419 306 2496 esti).
355 2421 448 2480 Recte
475 2430 575 2481 antem
596 2420 765 2481 Foucartus
794 2439 833 2478 ex
859 2421 959 2480 verbis
988 2424 1243 2482 senatusconsulti
1276 2427 1398 2506 collegit

60 2523 223 2601 plerosque
244 2541 364 2596 eorum,
386 2523 423 2581 de
446 2523 556 2600 quibus
578 2530 699 2600 agatur,
728 2538 764 2580 eo
785 2529 920 2599 tempore
939 2521 1056 2582 Romae
1077 2533 1130 2582 aut
1150 2532 1230 2585 certe
1251 2527 1283 2586 in
1304 2528 1396 2589 Italia

60 2625 171 2702 egisse,
192 2624 310 2684 scilicet
330 2624 476 2684 adductos
498 2641 544 2697 eo,
564 2632 725 2701 postquam
746 2621 780 2683 (l.
796 2622 955 2682 Lucretius
976 2625 1089 2702 oppido
1103 2627 1216 2704 potitus
1238 2639 1292 2688 est.
1329 2630 1396 2691 Hos

59 2727 151 2805 igitur
172 2733 293 2802 praetor
314 2727 445 2786 urbanus
466 2745 522 2802 pro
548 2745 580 2784 re
604 2733 657 2786 aut
676 2725 798 2784 domum
821 2725 950 2785 dimittet
970 2735 1024 2785 ant
1042 2727 1074 2784 in
1097 2728 1170 2786 urbe
1190 2721 1290 2790 Roma
1311 2735 1397 2812 oppi-

59 2828 148 2888 disve
161 2827 268 2886 ltaliae
289 2828 442 2899 detinebit,
464 2827 564 2904 quoad
586 2826 613 2884 ei
634 2829 900 2888 successoribusve
921 2826 987 2900 eius
1009 2830 1210 2906 erepublica
1230 2850 1299 2892 esse
1314 2834 1397 2894 vido·

58 2929 151 2988 bitur.
195 2926 256 3003 Qui
281 2947 384 2988 eorum
413 2947 453 2987 ex
474 2927 564 2987 Italia
589 2927 712 2986 domum
738 2928 901 3002 rediissent
925 2928 976 2986 vel
996 2929 1118 2988 omnino
1143 2931 1174 2988 in
1195 2933 1315 2993 Italiam
1336 2955 1397 2996 non

61 3031 227 3100 venissent,
247 3049 351 3090 eorum
371 3030 554 3107 nequiquam
575 3029 735 3088 citatorum
756 3029 879 3087 nomina
897 3037 1019 3086 senatus
1041 3023 1125 3088 iubet
1145 3041 1396 3110 compraetorem

59 3132 149 3192 edere
171 3131 289 3191 consuli
312 3151 350 3191 co
376 3139 509 3208 ternpore
531 3128 736 3190 Macedoniam
763 3130 948 3207 provinciam
970 3128 1125 3203 obtinenti,
1152 3137 1185 3190 ut
1205 3133 1237 3192 in
1258 3152 1311 3194 eos
1332 3137 1397 3194 ani-

60 3233 229 3294 madvertat
249 3232 321 3316 (boc
341 3233 419 3292 eninr
440 3231 559 3292 videtur
581 3231 743 3310 significari
759 3229 885 3291 Graecis
907 3230 1007 3289 verbis
1026 3220 1087 3312 περὶ
1108 3221 1215 3290 τούτων
1230 3235 1295 3292 νοῦν
1309 3247 1395 3320 προσ-

62 3327 121 3412 έχῃ
142 3333 252 3394 Latine
278 3335 375 3412 magis
406 3351 498 3411 quam
521 3331 638 3393 Graece
669 3331 867 3410 accipiendis)
892 3339 924 3391 et
948 3330 1078 3391 maxime
1105 3341 1203 3408 curet,
1232 3354 1270 3396 nc
1296 3338 1396 3398 locum

62 3454 151 3514 quem
173 3438 316 3497 antesin
335 3436 436 3512 patria
456 3435 648 3495 obtinuerunt
668 3432 822 3510 recipiant.
1151 3490 1154 3496 ,

143 3535 252 3614 Capite
272 3545 380 3597 octavo
401 3536 445 3614 (v.
461 3535 599 3611 46-49)
622 3543 653 3594 et
666 3553 747 3595 nono
770 3532 812 3610 (v.
828 3531 965 3608 50—52)
980 3534 1050 3594 item
1065 3536 1233 3597 coniunctis
1256 3542 1397 3602 statuitur

61 3639 99 3697 de
124 3637 302 3700 mulieribus
328 3639 425 3698 tribus
452 3617 643 3710 Thisbaeis,
660 3653 736 3713 quas
764 3632 799 3694 0.
822 3631 998 3693 Lucretium
1030 3646 1157 3714 apparet
1187 3639 1219 3700 in
1246 3659 1396 3702 carcerem

61 3739 229 3800 coniecisse
252 3741 328 3800 dass
350 3739 586 3816 Xenopitbidem
614 3747 645 3798 et
668 3723 838 3797 Mnasidem
861 3731 1020 3811 Chalcide,
1047 3737 1167 3798 tertiam
1190 3739 1396 3804 Damocritum

61 3839 189 3900 Thebis.
231 3841 294 3900 Eae
314 3840 457 3899 iubentur
477 3838 596 3913 dimitti,
618 3847 652 3898 ut
672 3839 805 3898 Thisbas
829 3857 867 3898 nc
888 3838 1020 3898 redeant
1067 3837 1184 3901 Deinde
1204 3861 1272 3904 cum
1293 3864 1396 3906 earum

62 3941 187 4000 nomine
207 3942 394 4019 postulatum
415 3948 511 4014 esset,
538 3947 573 3998 ut
598 3941 635 3998 de
661 3939 772 3999 iniuria
797 3939 856 3999 sibi
885 3938 971 3998 illata
996 3941 1076 4016 apud
1096 3951 1264 4019 praetorem
1287 3948 1337 4026 agi
1358 3948 1396 4006 iis

63 4145 268 4156 -n--u-—u

140 4265 166 4328 ¹)
188 4267 332 4318 Foucartus
350 4283 375 4333 p.
389 4269 426 4318 44
444 4273 503 4332 apte
522 4265 683 4330 comparavit
694 4265 779 4314 locum
799 4279 832 4314 ox
851 4265 962 4328 epistula
973 4265 1136 4328 proconsulis
1148 4265 1180 4326 Q.
1194 4265 1269 4316 Fabii
1281 4267 1395 4318 Memmi

62 4360 94 4412 C.
108 4359 131 4410 1.
146 4357 194 4410 Gr.
209 4360 293 4411 1543:
313 4347 445 4426 Τιμᾶθιῖον
463 4353 491 4407 dl
509 4351 586 4408 Ntat'a
660 4352 804 4420 1[ιιέλιυσα]
824 4342 941 4423 προᾶγιιν
959 4353 995 4412 sle
1013 4342 1116 4420 Ῥώμην,
1137 4346 1241 4423 ὅρκῖσας
1264 4351 1301 4425 ἐφ’
1320 4347 1339 4422 ᾧ
1363 4357 1396 4430 τῇ

61 4444 182 4518 νουμηνίᾳ
197 4446 242 4500 rod
260 4447 415 4514 tv[setdi·ro]c
431 4443 504 4499 dnos
523 4445 575 4498 lari
590 4445 632 4498 καὶ
648 4439 786 4516 ἕμψανίσας
803 4441 838 4509 τᾷ
856 4442 895 4504 aa
911 4441 958 4495 cciv
969 4441 1045 4512 ξίνων
1057 4444 1205 4514 στρατηῡιῷ,
1226 4433 1302 4512 danda
1319 4438 1348 4498 dv
1361 4438 1395 4516 pti
1467 4491 1469 4494 .

60 4530 182 4612 updrapov
195 4530 307 4590 larisam
319 4529 381 4608 πρδς
392 4533 470 4605 οἶκον,
491 4530 533 4590 ab
546 4530 579 4609 pri
594 4573 616 4588 ..
627 4574 632 4586 .
694 4544 720 4588 et
736 4538 798 4588 inda
816 4537 901 4587 effecit
919 4551 977 4586 eam
996 4551 1085 4588 curam
1103 4537 1138 4588 ad
1155 4545 1303 4602 praetorem
1321 4555 1395 4605 poro·

59 4636 166 4701 grinum
184 4635 298 4684 maxime
317 4633 479 4698 spectavisse.
507 4633 595 4683 Etiam
611 4629 760 4682 Boeckbius
777 4631 805 4680 in
824 4629 1008 4680 commentario
1022 4628 1039 4678 l.
1055 4644 1077 4678 o.
1096 4637 1231 4680 monuerat
1248 4639 1395 4696 praetorem

61 4725 228 4792 peregrinum
246 4725 447 4789 intellegendum
466 4739 522 4776 osse
541 4725 609 4790 apud
621 4722 767 4788 Polybium,
786 4721 832 4771 nbi
851 4721 887 4770 ait
905 4719 960 4784 (32,
975 4721 1000 4781 9,
1016 4719 1043 4782 5>
1063 4727 1091 4770 ut
1109 4719 1158 4771 sibi
1176 4721 1266 4772 liceret
1284 4723 1311 4773 in
1330 4725 1394 4788 urbe

60 4829 170 4868 manere
193 4815 343 4880 Scipionem
368 4823 395 4867 et
417 4817 528 4872 lisbium
552 4829 569 4866 a
592 4821 711 4880 praetore
734 4812 921 4878 impetravisse.
970 4810 1043 4871 Quae
1067 4819 1096 4862 ut
1118 4811 1287 4878 probabiliter
1311 4818 1396 4880 posita

60 4914 130 4970 sunt,
150 4907 187 4958 ita
204 4887 257 4958 non
276 4909 429 4974 impediunt,
449 4907 586 4974 quominus
605 4907 638 4970 Q.
657 4905 762 4957 Maenio
781 4917 837 4954 sors
854 4903 954 4954 urbana
972 4901 1102 4968 obtigerit,
1122 4905 1245 4970 qnoniam
1263 4921 1341 4973 supra
1359 4909 1396 4959 vi·

60 5000 151 5050 dimus
169 5012 228 5049 aum
248 4999 311 5050 item
330 5000 399 5050 vices
415 5000 508 5052 iecisse
525 4980 652 5065 praetoris
669 4995 807 5062 peregrini·

141 5087 167 5152 ¹>
191 5090 237 5143 Ad
249 5090 280 5143 0.
293 5092 441 5143 Lucretium
455 5092 585 5156 quomodo
604 5091 747 5142 Foncartus
764 5087 815 5137 boc
832 5085 930 5138 referre
943 5082 1061 5151 pomario,
1082 5101 1135 5138 non
1147 5089 1283 5154 perspicio.
1311 5091 1396 5141 Immo

61 5197 105 5234 rea
122 5182 238 5246 exulum,
260 5189 386 5248 quatenus
404 5185 431 5234 in
449 5171 526 5235 Italia
543 5181 691 5249 peragenda
710 5188 757 5243 est,
776 5179 891 5244 praetori
909 5177 1008 5230 urbano
1028 5179 1204 5242 committitur,
1228 5188 1352 5245 quatenns
1370 5179 1397 5228 in

59 5274 228 5336 Macedonia,
247 5275 355 5325 consuli.
636 5335 641 5372 t
