3610 5956
531 613 829 669 cassavumonus
848 615 966 668 nerea
985 616 1035 666 111.
1399 595 1421 682 Ι
1424 594 1445 668 3

113 785 282 842 tenetenius
304 785 336 842 iu
357 785 413 844 hac
434 804 528 862 opera
549 805 567 843 a
588 785 668 844 mala
690 785 795 844 fraude
817 786 1009 858 abstinuisse,
1031 787 1161 845 sortasse
1183 787 1220 844 ab
1241 806 1278 846 ea
1298 788 1447 864 incipieus

113 891 147 942 et
173 902 336 962 progressu
364 887 531 946 studiorum
558 887 677 944 demum
705 887 742 944 ad
769 888 905 946 fallacias
932 886 1065 958 delatus,
1092 897 1125 946 ut
1150 888 1296 949 Octavius
1321 888 1449 950 Rossius

112 983 279 1044 Brixianus
301 986 353 1046 ille
375 988 491 1066 Ligurii
514 989 648 1046 aemulus
669 988 701 1047 in
722 989 759 1046 iis
781 1006 860 1064 quae
882 987 1012 1048 Grutero
1034 990 1175 1048 submisit
1194 991 1269 1049 satis
1290 991 1449 1049 honestum

113 1102 150 1144 sc
171 1087 318 1158 exhibuit,
340 1089 483 1147 decennio
504 1099 574 1166 post
594 1091 660 1165 ipse
681 1089 792 1149 librum
812 1089 904 1150 edens
923 1099 1101 1167 nugatorum
1116 1092 1248 1150 omnium
1261 1091 1448 1150 levissimum

113 1194 148 1245 et
168 1188 390 1247 stultissimum.

201 1289 230 1348 5.
265 1288 372 1348 Ursini
393 1291 576 1350 collectanea
596 1311 663 1350 cum
685 1310 746 1349 non
768 1287 920 1367 extent¹),
943 1309 1019 1367 quae
1041 1293 1069 1350 ei
1091 1301 1214 1369 accepta
1228 1292 1320 1351 refert
1335 1291 1449 1352 Guten·

113 1388 234 1448 stenius
254 1390 400 1468 pleraque
420 1391 459 1450 ad
481 1393 608 1452 schedas
624 1391 825 1452 Gutenstenio
847 1392 997 1452 exhibitas
1018 1393 1077 1451 iam
1099 1393 1180 1468 exigi
1196 1401 1355 1469 nequeunt
1389 1392 1449 1454 Sed

114 1499 165 1548 eet
186 1490 263 1548 inter
284 1510 321 1550 ea
340 1493 459 1569 sylloge
481 1494 627 1570 quaedem
649 1501 768 1571 praeter
782 1491 1013 1553 Gutenstenium
1034 1493 1119 1553 uobis
1134 1503 1207 1552 nota
1229 1513 1282 1571 per
1297 1504 1449 1554 auctorem

112 1588 245 1649 alterum
269 1592 422 1652 hominem
447 1594 573 1670 probum
595 1593 755 1654 Nicolaum
776 1591 979 1665 Florentium,
1008 1595 1060 1671 qui
1084 1602 1115 1653 ut
1137 1614 1202 1654 eam
1224 1596 1361 1672 syllogeu
1384 1597 1449 1655 sive

113 1711 155 1750 ex
177 1692 246 1769 ipeo
260 1691 365 1752 Ursini
386 1696 526 1770 exemplo
548 1695 612 1755 sire
632 1715 670 1754 ex
692 1695 818 1772 gemello
838 1695 1005 1772 descripsit,
1026 1697 1070 1754 ita
1085 1697 1224 1772 leguntur
1237 1698 1449 1774 inscriptiones

113 1811 179 1851 non
201 1794 232 1852 in
253 1793 371 1852 schedis
393 1795 513 1871 quidem
534 1795 782 1856 Bruxellensibus
804 1795 966 1867 Torrentii,
989 1813 1067 1872 quae
1088 1797 1232 1874 pleraque
1255 1797 1451 1858 Florentiaua

114 1905 285 1967 servarunt,
308 1895 362 1954 sed
382 1897 412 1952 in
427 1896 583 1973 Lipsiauis
606 1897 703 1957 editis.
740 1895 866 1975 Sylloge
887 1916 924 1956 ea
945 1916 1011 1956 cum
1028 1896 1214 1974 Spoletinum
1234 1917 1267 1958 se
1286 1917 1353 1959 esee
1368 1899 1450 1972 velit,

115 1992 289 2072 Spalstiua,
316 1996 347 2054 id
376 2005 422 2055 est
443 1995 620 2057 Salouitana
644 1999 733 2075 plura
758 2000 872 2074 recepit
897 2017 986 2074 quum
1013 2017 1082 2058 vere
1104 1997 1231 2075 Spoletii
1257 2007 1392 2077 reperta,
1420 2007 1450 2060 et

114 2095 195 2154 alias
220 2115 340 2174 quoque
365 2099 540 2173 perturbata
565 2108 612 2160 est
637 2109 667 2158 et
691 2109 845 2176 corrupta,
873 2117 892 2158 a
916 2098 1023 2158 fraude
1050 2105 1150 2157 tamen
1172 2098 1280 2157 aliena.
1323 2100 1388 2159 Iam
1410 2119 1450 2159 ex

113 2197 321 2258 Floreutleuis
341 2199 401 2258 illis
422 2200 495 2276 quid
515 2201 646 2262 effecerit
666 2198 798 2260 Ursinus
818 2210 1007 2277 personatus,
1028 2198 1221 2276 intellegetur
1241 2218 1281 2258 ex
1301 2201 1450 2278 exemplis

113 2316 196 2374 quse
216 2315 355 2377 apposui.

219 2481 327 2554 Lipsiae
339 2503 370 2554 p.
383 2483 428 2538 36.
875 2483 982 2538 Ursinus
1002 2486 1039 2548 (iu
1058 2455 1153 2552 οοννί9.
1172 2482 1244 2538 εᾶ.2
1265 2485 1359 2549 (irat).

378 2596 519 2648 Consentio
538 2599 644 2648 deorum
1027 2596 1167 2647 contemto
1187 2597 1293 2648 deorum

362 2688 475 2740 Marlau.
495 2689 659 2740 Asoeomeue
962 2688 1096 2738 Marianus
1114 2688 1275 2740 Soromenus

415 2780 524 2844 imperio
542 2780 605 2832 fecit
918 2780 1026 2844 imperio
1127 2794 1149 2829 e.
1170 2795 1204 2830 m.
1224 2794 1257 2829 ex
1275 2785 1337 2829 roto
1356 2779 1405 2830 tec.

227 2887 331 2938 Titulus
353 2889 437 2940 adhuc
462 2896 552 2940 extans
571 2889 672 2954 Spoleti
695 2888 781 2954 ibique
802 2903 819 2939 e
843 2903 884 2938 me
903 2888 1045 2953 descriptus
1064 2887 1125 2952 (111,
1141 2887 1222 2950 19³5)
1241 2902 1257 2938 a
1275 2888 1365 2954 Lipslo
1383 2897 1452 2940 recte

227 2977 345 3042 retertur,
366 2981 417 3030 uisi
435 2981 505 3046 quod
523 2982 550 3031 in
568 2981 655 3046 lapide
674 2987 712 3032 est
730 2979 859 3032 Marcone
878 2978 1019 3031 Saramene.

219 3171 328 3242 Lapeiue
343 3193 371 3244 p.
384 3172 429 3228 32.
467 3178 586 3244 Spoletii.
875 3175 946 3228 Grut.
961 3173 1040 3236 1008,
1055 3179 1070 3225 ⁷
1085 3197 1118 3218 =
1135 3172 1213 3236 1009,
1228 3170 1254 3225 2.
1286 3172 1394 3227 Ureiaue
1401 3192 1452 3244 per

929 3265 1119 3318 Grumentum.
1157 3266 1267 3331 Spoleti.

416 3377 589 3448 ⁸Lam.
1082 3375 1204 3426 Lam

445 3466 478 3528 Q.
496 3468 611 3520 &onius
1054 3465 1086 3527 Q.
1104 3467 1235 3515 Varonius

440 3559 564 3609 Dodorua
583 3574 615 3611 ex
1072 3556 1222 3607 Philocalus

448 3657 508 3700 roto
527 3651 613 3714 posuit
1066 3663 1089 3696 v.
1109 3663 1130 3697 s.
1150 3647 1167 3696 l.
1188 3661 1222 3697 m.

441 3739 505 3790 libes
525 3741 616 3791 merito
1103 3739 1190 3802 posuit

427 3831 456 3882 iii
474 3831 531 3882 idus
549 3833 634 3883 Maias
1050 3829 1091 3880 VI
1108 3829 1145 3879 id.
1164 3828 1241 3879 Febr.

427 3911 635 3987 ..proniauo'et
1047 3921 1200 3985 Aproniano
1219 3926 1246 3970 et

442 4030 486 4079 pp.
505 4014 548 4065 du.
568 4029 620 4064 coa.
662 4053 665 4062 .
1067 4012 1150 4076 ngro
1170 4027 1223 4064 coe.

230 4123 359 4190 Exempla
383 4124 491 4174 meliora
515 4121 727 4186 (v.111,1945)
751 4135 826 4172 versu
849 4121 941 4172 ultimo
965 4121 1041 4184 dant,
1065 4120 1135 4187 quod
1158 4121 1236 4171 etiem
1259 4121 1286 4171 ln
1307 4121 1452 4186 corruptela

230 4216 399 4267 Florentiam
416 4215 499 4266 inesse
517 4215 600 4280 quivis
618 4214 697 4276 videt,
716 4209 825 4264 Bredas
843 4228 894 4264 coe.

119 4507 179 4544 cem
203 4499 290 4542 eutem
310 4491 364 4556 legi
387 4491 415 4541 in
438 4490 527 4542 codice
548 4491 595 4541 illo
618 4490 746 4542 adiectam
768 4504 847 4540 manu
865 4489 954 4554 lgnota
972 4493 1115 4539 atramento
1134 4487 1236 4537 diverso
1254 4487 1366 4552 itemque
1384 4486 1453 4552 apud

119 4585 263 4636 Gruterum
286 4589 403 4633 auctores
428 4581 576 4632 laudantem
603 4581 729 4635 Smetium
754 4587 780 4630 et
804 4579 1011 4633 Gutenatenium.
1056 4577 1163 4628 Collatls
1188 4578 1294 4643 reliquis
1319 4577 1454 4629 fraudibus

120 4673 333 4728 Gutenatenlaula
351 4689 404 4725 nou
423 4673 479 4724 sina
497 4683 575 4723 causa
592 4673 620 4723 id
639 4673 721 4723 codici
740 4671 897 4737 adscriptum
915 4670 1101 4734 suspicabimur
1120 4669 1152 4719 sb
1172 4669 1228 4734 ipso
1248 4669 1425 4721 Gutenstcnlo.

201 4783 224 4846 ¹)
253 4783 352 4835 Ιὶοιιιιο
365 4783 467 4832 codices
479 4783 653 4833 bibliothecae
661 4783 803 4833 vaticanae
815 4780 991 4846 pervestigans
1004 4779 1127 4829 adnotari
1139 4779 1165 4829 in
1179 4779 1332 4829 Manutisno
1346 4795 1370 4829 n.
1381 4779 1452 4830 5241

121 4883 245 4940 excerpta
267 4874 318 4939 legi
335 4865 376 4924 ‘ax
400 4875 468 4924 libro
491 4873 522 4924 F.
539 4865 641 4924 Ursini’
664 4874 724 4924 inde
748 4889 763 4922 a
786 4889 811 4937 p.
827 4869 869 4922 et'
892 4870 926 4920 ad
950 4887 976 4935 p.
994 4870 1103 4920 fortasse
1123 4869 1171 4932 743
1196 4884 1257 4920 uam
1282 4876 1407 4936 quatenus
1431 4868 1454 4919 is

121 4967 211 5016 titulus
229 4965 385 5031 perveniret,
405 4979 458 5014 non
477 4965 538 5016 satia
557 4963 621 5015 mihi
640 4963 780 5015 constabat.
812 4963 884 5012 Haec
902 4977 961 5012 cum
980 4960 1014 5011 ad
1033 4975 1103 5011 mese
1122 4965 1208 5025 parter
1227 4975 1280 5011 non
1299 4965 1451 5024 spectarent,

121 5071 175 5108 uon
196 5056 314 5118 excurai3
339 5055 386 5106 aed
408 5063 512 5120 rogatos
530 5055 609 5105 velim
632 5055 743 5118 collegas
762 5051 861 5104 Romae
886 5051 1022 5117 degentes,
1047 5057 1076 5100 ut
1094 5065 1126 5100 ea
1144 5051 1283 5115 inspiciant
1301 5057 1326 5100 et
1345 5049 1455 5100 certiore

119 5163 170 5200 noe
194 5147 229 5200 de
252 5147 285 5198 lis
307 5147 440 5197 edoceant.
477 5147 564 5197 Etiam
587 5147 615 5196 ln
638 5145 696 5196 cod.
713 5145 799 5205 6040,
825 5144 869 5209 qui
889 5143 1067 5208 complectitur
1089 5141 1171 5191 mults
1193 5141 1357 5207 diverseque,
1381 5138 1454 5190 Ursi·

120 5239 201 5292 uisne
219 5239 349 5307 quaedem
366 5237 529 5304 reperiuntur
547 5237 706 5304 praescripto
724 5235 829 5286 nomine
846 5218 934 5286 Latini
951 5231 1049 5288 Latinil
1067 5230 1092 5293 (Ι
1110 5247 1136 5298 p.
1149 5231 1205 5294 ta).
