3546 5950
376 588 447 658 142
947 603 1130 656 noussen
1185 658 1189 666 ,

373 775 466 837 stdc
487 769 704 848 μετεπέμψατο.
749 775 833 836 Haec
855 776 933 834 eninr
959 794 1025 834 cum
1048 773 1206 834 videantur
1225 774 1268 833 ita
1288 773 1462 852 accipienda
1481 792 1546 836 esse
1563 794 1595 834 eo
1612 786 1667 835 ten·

373 900 461 958 pore,
486 897 548 956 quo
569 879 728 939 Caracalla
755 895 861 936 caesus
885 884 948 950 est,
976 875 1121 938 Sabinum
1143 875 1309 952 praefuisse
1329 875 1505 936 Pannoniae
1524 877 1582 936 sive
1600 895 1666 954 snpe-

372 982 445 1041 riori
468 983 532 1041 sive
552 981 697 1051 inferiori,
720 977 875 1038 Castinum
897 986 996 1038 samm
1011 974 1176 1053 Daciae¹),
1198 977 1394 1055 probabiliter
1414 979 1452 1038 ad
1473 979 1548 1038 hunc
1560 987 1667 1038 nostran

374 1082 518 1144 Sabinum
539 1082 777 1158 applicabuntur.

528 1185 588 1254 21.
641 1180 844 1256 Proconsul
871 1178 1081 1280 provinciae
1107 1178 1265 1255 Africae.

455 1305 534 1364 Vide
555 1304 675 1363 titulum
697 1321 790 1381 supra
810 1323 840 1380 p.
858 1301 917 1362 lat
938 1303 1074 1361 relatum.

456 1404 627 1486 Supersunt
651 1405 731 1464 tituli
755 1411 831 1476 tres,
858 1420 934 1480 quos
961 1422 1015 1462 nec
1040 1402 1204 1481 praeterire
1224 1404 1296 1463 nolo
1323 1421 1464 1464 naccum
1486 1403 1570 1464 certis
1589 1401 1666 1464 Sabini

373 1507 512 1580 miscere,
539 1523 645 1581 nempe
664 1506 872 1582 Aquinocnses
898 1505 957 1564 duo
986 1505 1018 1562 hi
1044 1505 1104 1564 vol.
1118 1504 1168 1563 Ill
1190 1525 1218 1563 n.
1236 1503 1327 1564 3428.
1345 1504 1427 1566 3429
1450 1524 1470 1564 a
1490 1525 1536 1564 me
1555 1504 1666 1579 descripti

372 1609 403 1666 in
424 1625 529 1667 musco
550 1606 734 1666 Pestinensi:

598 1725 674 1769 rovr
695 1723 850 1768 acetosa
1138 1723 1206 1766 ors
1235 1723 1483 1768 nsnvcravs

592 1824 850 1880 pernrosvsnntvs
1253 1824 1365 1869 narnis

598 1926 748 1970 aaurnvs
781 1927 853 1971 usu
992 1899 993 1902 '
1030 1963 1032 1966 .
1141 1924 1484 1970 svarnrvssaarnvs

1141 2027 1496 2081 naamitarum-saon·

372 2115 477 2174 tertius
507 2121 607 2173 autem
640 2124 776 2192 repertus
811 2115 843 2174 in
871 2113 1029 2173 Britannia
1055 2113 1086 2172 in
1116 2112 1228 2191 oppido
1256 2112 1425 2174 Lancaster
1454 2114 1546 2192 (Vll,
1566 2109 1665 2171 astat

373 2216 544 2294 exemplum
565 2215 735 2288 Hnehncri3
757 2215 880 2275 chzcn
904 2213 1014 2290 6725):

728 2317 1352 2392 llllllllllllllllltlllllllj

728 2419 978 2480 llllllltllll
1005 2416 1070 2493 [ob]
1096 2416 1234 2475 balneum
1259 2417 1353 2477 refect

730 2520 774 2596 [et
805 2519 973 2596 b]asilicam
999 2525 1147 2578 vetustate
1179 2518 1352 2578 conlabsam

727 2640 747 2680 a
762 2620 829 2679 solo
841 2618 1036 2696 restitut[a]m
1046 2614 1114 2696 eqq.
1126 2618 1194 2679 alae
1206 2616 1353 2682 Ssbussia

672 2741 684 2778 a
729 2723 884 2782 lllllllll
907 2721 964 2779 sub
988 2720 1116 2780 Octavio
1139 2718 1252 2781 Sabino
1275 2739 1304 2780 v.
1325 2741 1351 2780 c.

625 2881 630 2892 ,
727 2823 864 2899 praeside
899 2841 929 2880 a.
966 2830 1089 2881 curante
1123 2821 1189 2880 Fla.
1224 2823 1352 2881 Amma-

726 2925 772 2983 sio
793 2923 887 3001 praei.
909 2941 976 2999 eqq.
999 2921 1028 2982 d.
1044 2923 1073 2982 d.
1089 2923 1138 2982 XI
1152 2922 1214 2982 kal.
1230 2920 1351 3001 Septem

729 3023 865 3084 Censore
900 3024 933 3083 II
972 3033 1002 3083 et
1038 3023 1183 3100 Lepi[d]0
1217 3025 1249 3082 11
1288 3042 1350 3084 cos.

371 3128 413 3188 Hi
441 3126 519 3186 tituli
546 3127 589 3186 ita
615 3126 781 3203 comparati
808 3133 892 3198 sunt,
922 3133 957 3185 ut
983 3124 1117 3184 eiusdem
1143 3125 1273 3185 hominis
1300 3127 1352 3185 vix
1378 3143 1449 3186 esse
1476 3128 1596 3205 possint,
1617 3143 1667 3183 cun

370 3231 495 3290 alterurn
522 3215 608 3296 inope
628 3219 721 3311 κύριον
749 3227 881 3298 differat,
909 3233 1013 3286 contra
1037 3226 1111 3285 nihil
1139 3226 1299 3303 impediat,
1329 3230 1490 3304 quominus
1510 3238 1561 3289 ant
1579 3227 1667 3303 Aquin-

370 3349 476 3392 censes
503 3329 574 3389 illos
605 3326 718 3389 Suetrii
739 3327 845 3390 Sabini
875 3337 927 3388 ant
951 3328 1159 3387 Britannicum
1186 3326 1306 3387 Octavii
1336 3327 1443 3389 Sabini
1468 3332 1618 3390 referamus
1641 3325 1668 3384 nd

369 3453 437 3494 eum
459 3432 496 3492 de
517 3449 578 3507 qno
601 3431 717 3509 agimus
740 3429 775 3490 Ο.
799 3429 958 3489 Octavium
980 3429 1114 3507 Appium
1137 3427 1273 3490 Stltrinm
1296 3427 1452 3505 Sabinum,
1473 3441 1508 3491 nt
1526 3425 1668 3490 rettulitad

368 3555 436 3596 eum
465 3532 664 3592 Minervinius
692 3531 910 3591 Britannicum.
959 3529 1040 3589 Nam
1071 3531 1194 3590 brevius
1220 3548 1329 3590 nomen
1357 3541 1440 3592 recte
1465 3533 1542 3593 effici
1567 3541 1619 3592 tatu
1639 3545 1667 3586 ex

368 3637 466 3714 primo
501 3633 623 3692 nomine
657 3642 868 3712 postremoque
903 3632 1079 3710 cognomine
1111 3631 1218 3709 plenae
1250 3633 1505 3694 denominationis
1535 3652 1614 3711 qnam
1639 3645 1667 3685 ex

368 3745 521 3816 postremo
549 3735 671 3793 nomine
695 3742 918 3812 postremoque,
935 3733 1112 3812 cognomine
1142 3734 1232 3793 docui
1257 3733 1289 3792 in
1315 3732 1447 3794 Hermae
1475 3733 1569 3796 voli
1594 3752 1617 3809 p·
1631 3729 1667 3787 77·

369 3837 418 3896 Ad
439 3853 563 3894 munera
583 3837 665 3910 quod
685 3837 804 3908 attinet,
827 3816 893 3895 cuni
915 3835 1026 3911 legatio
1047 3834 1224 3896 Pannoniae
1245 3835 1412 3908 inferioris,
1434 3855 1524 3914 quam
1544 3833 1667 3895 Suettium

370 3937 515 4000 Sabinum
540 3935 672 4012 gessisse
697 3936 779 3996 tituli
804 3937 848 3995 illi
876 3943 1036 4008 testantur,
1068 3934 1099 3994 in
1125 3935 1271 4012 Aquinati
1297 3936 1384 3996 titulo
1406 3939 1526 4011 redeat,
1552 3954 1605 3995 non
1628 3932 1667 3990 iu·

368 4036 563 4118 probabiliter
587 4043 727 4112 quartum
754 4056 877 4110 nomen,
908 4037 990 4113 quod
1012 4035 1145 4097 Satrium
1173 4053 1242 4095 esse
1262 4038 1460 4100 Minerviniu's
1481 4037 1584 4110 voluit,
1611 4030 1668 4093 Sus

368 4141 458 4200 trium
481 4144 652 4198 statuemus
680 4137 776 4197 inisse
801 4146 831 4197 et
851 4138 1061 4214 Aquinoensss
1087 4138 1192 4197 titulos
1219 4139 1257 4198 ad
1283 4139 1365 4198 huno
1390 4148 1525 4200 nostrum
1550 4135 1668 4200 Sabinam

367 4239 583 4300 revocabimus.
601 4272 639 4283 —
662 4237 808 4298 Octavius
824 4236 954 4300 Sabinus
976 4238 1056 4298 tituli
1077 4237 1320 4300 Lancastriensis
1342 4259 1403 4318 qno
1422 4251 1554 4320 tempore
1573 4233 1668 4300 vixerit

367 4342 532 4412 nescimus;
560 4359 630 4399 nam
650 4339 805 4411 consules,
827 4357 904 4417 quos
925 4340 1094 4417 adscriptos
1114 4341 1219 4413 habet,
1241 4349 1399 4418 praeterea
1419 4343 1514 4422 ignoti
1534 4344 1609 4409 sunt,
1627 4349 1667 4392 net

367 4442 463 4519 magis
490 4440 680 4500 determinari
705 4447 819 4517 potest,
845 4442 1001 4500 cuiusnam
1022 4442 1212 4518 imperatoris
1234 4442 1357 4501 nomina
1376 4443 1419 4503 ibi
1441 4461 1468 4504 v.
1487 4446 1502 4502 l
1518 4451 1547 4500 et
1564 4439 1581 4498 5
1600 4449 1667 4495 erasa

367 4543 438 4602 sint.
467 4539 571 4615 'Quod
597 4541 622 4600 si
648 4543 715 4619 quis
743 4542 902 4601 contendat
925 4543 1005 4601 hunc
1028 4542 1149 4601 titulum
1171 4542 1320 4620 pertinere
1340 4543 1379 4602 ad
1399 4544 1500 4620 ipsum
1521 4543 1609 4602 virum
1626 4537 1667 4593 bo·

367 4648 504 4700 noratum
518 4641 642 4718 Aquini,
662 4661 729 4703 cum
751 4642 789 4704 de
802 4643 937 4702 Macrino
958 4653 1081 4723 propter
1102 4662 1138 4702 ea
1157 4662 1236 4720 qnae
1257 4643 1390 4704 diximus
1412 4625 1536 4724 cogitari
1554 4643 1666 4718 aequetis

368 4743 397 4800 ei
426 4757 462 4797 eo
489 4741 721 4819 confugiendum
749 4753 810 4818 est,
825 4752 870 4802 ¹ut
897 4741 1028 4804 Sabinus
1057 4752 1155 4806 aetate
1180 4753 1340 4822 provectus
1368 4753 1421 4806 aut
1446 4746 1500 4810 sub
1524 4735 1666 4820 Elagatdo

567 4899 573 4906 .

448 4963 472 5026 ¹>
498 4965 595 5017 Verum
615 4976 653 5019 est
671 4971 698 5021 in
716 4973 791 5023 titulo
804 4973 964 5039 Aquinccasi
981 4975 1033 5036 111,
1047 4975 1119 5026 3480
1136 4975 1266 5026 nominari
1280 4975 1312 5025 Ο.
1324 4975 1419 5026 Iulian
1432 4975 1561 5027 Gadaum
1576 4971 1666 5033 man

369 5056 482 5122 Anauni
505 5066 704 5124 propraetore,
730 5063 828 5114 scilicet
846 5064 999 5116 Pannoniae
1015 5065 1154 5117 interioris.
1191 5064 1245 5118 sed
1262 5079 1323 5116 ¹ossan
1342 5073 1387 5117 sat
1405 5068 1428 5118 ia
1446 5069 1500 5134 ipse
1517 5071 1558 5115 ant
1572 5056 1665 5111 sindon

368 5147 482 5199 nominis
503 5146 571 5198 alins
594 5147 692 5214 legatas
715 5151 813 5204 Daciae
835 5169 954 5220 praeesse
972 5157 1084 5221 potuerit
1102 5171 1126 5207 a.
1139 5158 1203 5218 217,
1227 5171 1282 5207 non
1300 5157 1418 5221 cogimur
1435 5162 1538 5223 propter
1553 5165 1604 5205 enm
1618 5147 1665 5195 Μ·

368 5239 423 5290 lnm
440 5238 554 5290 Dionem
572 5237 721 5292 insimulare
738 5243 891 5298 Pannoniae
908 5246 1057 5313 Daciaeque
1075 5248 1258 5300 vocabulorum
1278 5246 1346 5299 male
1363 5249 1533 5300 deiectorum.
