3546 5950
244 630 250 640 ,
337 546 407 618 122
583 561 760 618 nonusnu
777 562 827 613 nn
844 561 1109 614 nnnn1c1onvu
1125 561 1231 616 vnms
1248 558 1406 616 nnuma

334 737 450 798 Versus
477 737 598 796 ultimos
624 737 668 795 sic
693 735 756 795 iere
782 734 905 794 exhibui
928 745 961 794 nt
982 735 1020 795 ab
1041 735 1111 794 aliis
1132 735 1262 796 restituti
1283 744 1368 807 aunt,
1395 752 1517 794 versum
1542 743 1656 794 sextum

333 847 420 898 acute
447 838 597 916 supplevit
617 836 830 897 Mommsenus.
873 835 951 897 Cum
978 838 1056 896 eninr
1082 847 1204 922 propter
1229 856 1386 896 numemm
1407 837 1587 896 tribuniciae
1607 856 1658 914 po·

333 941 451 1000 testatis
473 959 552 1000 nunc
573 948 690 999 constet
710 957 813 999 arcum
835 939 947 998 factum
968 956 1036 998 esse
1057 959 1084 998 a
1101 940 1138 999 51
1157 938 1205 998 vel
1219 936 1274 1012 52,
1300 957 1329 997 a.
1351 948 1450 998 autem
1473 939 1513 999 50
1536 936 1657 998 Carata-

334 1059 388 1101 cus
409 1062 464 1101 rex
479 1041 651 1101 Britanniae
672 1046 778 1117 captus
801 1040 841 1100 eit
853 1041 1022 1116 fratresque
1036 1041 1112 1112 eius,
1134 1046 1167 1098 ut
1180 1039 1303 1100 Tacitus
1318 1060 1388 1099 ann.
1410 1040 1462 1100 lib.
1479 1039 1515 1098 lt
1538 1060 1604 1118 cap.
1620 1043 1657 1100 35

335 1152 445 1217 nanat,
466 1144 499 1202 in
519 1142 701 1202 deditionem
722 1143 837 1218 accepti
858 1141 927 1219 sint,
950 1148 983 1198 nt
1003 1141 1114 1201 bellum
1131 1140 1280 1201 rideretur
1301 1141 1469 1201 conlectum
1491 1159 1572 1214 esse,
1592 1159 1658 1200 con·
1743 1201 1744 1216 χ

335 1251 509 1304 sentaneum
530 1251 576 1303 eat
596 1244 626 1303 in
648 1243 736 1303 titulo
758 1262 847 1303 arcus
868 1241 1057 1320 triumphalis
1078 1242 1246 1320 praedicari
1268 1250 1313 1301 tot
1333 1260 1420 1321 reges
1435 1242 1611 1302 Britanniae
1630 1244 1657 1300 in
1743 1235 1744 1238 ’

333 1346 512 1405 deditionem
534 1362 603 1404 esse
624 1353 773 1422 acceptos.
808 1344 941 1404 Difficile
963 1353 1062 1404 autem
1082 1343 1183 1416 fuerit,
1204 1361 1271 1402 cunr
1292 1343 1367 1404 illud
1386 1362 1404 1390 v
1425 1343 1463 1404 ad
1478 1363 1570 1404 unam
1585 1343 1656 1402 litte·

333 1466 397 1506 ram
418 1465 438 1506 x
459 1445 593 1523 quadret,
615 1446 698 1505 alind
720 1446 891 1524 excogitare
912 1445 994 1523 quod
1014 1445 1083 1505 huic
1104 1446 1171 1505 loco
1193 1447 1360 1506 conveniat.

982 1880 1012 1940 4.

414 1997 464 2058 Ne
484 1997 612 2076 paginae
633 2016 743 2077 magna
763 2016 834 2076 pare
849 2004 936 2059 vacet
956 1995 1056 2058 addidi
1077 1951 1202 2059 titulun:
1219 1994 1353 2057 nondum
1373 1998 1488 2078 publici
1507 1998 1584 2058 iuria
1599 1999 1653 2058 sac·

333 2109 410 2173 tum,
431 2100 498 2176 qui,
520 2099 547 2159 si
568 2118 628 2158 non
648 2099 680 2158 in
700 2100 766 2178 ipso
788 2099 924 2160 aedilicio
945 2101 1076 2174 urbano,
1103 2101 1156 2160 aed
1177 2100 1209 2159 in
1230 2109 1405 2158 ornamento
1426 2100 1558 2178 quodam
1580 2101 1653 2160 aedi·

332 2201 391 2260 licii
416 2202 533 2260 videtur
557 2201 669 2262 incisus
690 2201 794 2262 fuisse.
840 2199 995 2262 Oittadinii
1021 2201 1100 2262 enim
1129 2201 1231 2262 codice
1252 2200 1406 2261 Marciano
1427 2218 1457 2278 p.
1474 2201 1514 2262 85
1537 2201 1586 2261 bic
1607 2221 1653 2262 ex·

331 2301 450 2362 hibetur
471 2302 589 2364 titulus:

703 2401 820 2445 noratur
832 2416 839 2431 ·
853 2401 970 2445 nostru
982 2415 990 2430 ·
1002 2401 1126 2446 Horcon!
1138 2415 1145 2431 ·
1156 2401 1287 2446 uvcvstl

834 2501 969 2546 rorvnvs
982 2515 989 2532 ·
1004 2502 1157 2546 nonanus

796 2603 857 2648 ano
882 2617 890 2633 ·
914 2603 1078 2648 sruovmr
1100 2616 1108 2633 ·
1130 2600 1195 2646 ervs

833 2703 1157 2750 cinca-smnoas

647 2811 660 2850 a
793 2807 901 2864 scopin
939 2819 947 2836 ·
988 2805 1195 2851 rnovrnsurrn

703 2907 845 2953 srarvsra
860 2921 868 2937 ·
887 2907 924 2951 rx
938 2921 946 2937 ·
961 2906 1036 2951 usna
1052 2921 1060 2937 ·
1075 2905 1287 2965 nncsurern

703 3010 739 3052 ru
760 3023 767 3038 ·
785 3008 941 3053 nosrnrs
961 3022 968 3039 ·
989 3009 1035 3052 no
1055 3021 1063 3037 ·
1082 3007 1287 3052 nrnoarun

702 3110 896 3154 onorius
932 3125 939 3139 ·
977 3109 1288 3154 srrnrurrauns

702 3210 1286 3255 connocuunnn·nscasvrr

330 3331 390 3391 Ubi
416 3331 549 3391 extiterit
573 3349 632 3390 non
659 3331 838 3403 enuntiatur,
865 3331 918 3390 sed
943 3331 1092 3408 pertinere
1119 3331 1157 3389 ad
1183 3331 1287 3389 urbem
1309 3349 1376 3390 cnm
1402 3331 1470 3390 ideo
1492 3333 1650 3407 probabile,

328 3434 410 3509 qnod
430 3442 532 3493 statua
552 3451 572 3490 a
592 3433 705 3512 populo
726 3431 877 3502 Romano,
906 3438 970 3491 tum
990 3431 1070 3508 qnod
1091 3431 1123 3490 in
1144 3432 1252 3492 rostris
1273 3432 1430 3491 conlocata
1451 3449 1518 3492 esee
1539 3432 1649 3507 dicitur.

328 3534 454 3593 Videtur
474 3542 572 3592 autem
586 3533 696 3608 'posita
716 3550 784 3592 esse
805 3532 910 3591 eodem
932 3541 1076 3608 tempore,
1097 3548 1158 3608 quo
1180 3550 1199 3589 a
1213 3541 1318 3592 senatu
1332 3532 1504 3610 populoque
1517 3533 1649 3592 Romam

328 3642 452 3694 curante
472 3633 561 3692 Rufio
581 3633 715 3691 Antonio
737 3633 895 3712 Agrypnio
910 3633 1078 3692 Volusiano
1100 3634 1201 3710 posita
1220 3640 1266 3692 est
1286 3633 1317 3693 in
1338 3634 1405 3692 loro
1418 3633 1551 3693 Traiano
1572 3634 1648 3693 basis

330 3744 448 3795 statuae
472 3733 601 3794 Honorii
627 3741 746 3814 reperta
772 3754 800 3794 a.
818 3734 913 3808 1870,
941 3734 978 3794 cl.
1006 3734 1172 3794 Bullcttino
1197 3733 1276 3794 1870
1303 3753 1332 3813 p.
1351 3735 1419 3795 171.
1464 3735 1594 3796 Omnino
1621 3743 1649 3793 et

328 3853 405 3912 quas
427 3841 543 3896 statuas
563 3836 595 3895 in
615 3836 722 3897 rostris
743 3845 773 3894 et
794 3853 869 3913 quas
890 3836 922 3895 in
942 3835 1008 3895 loro
1023 3835 1157 3895 Traiano
1178 3836 1339 3896 memoriae
1359 3846 1407 3896 est
1428 3837 1568 3897 traditum
1585 3855 1648 3896 cou-

329 3937 448 3996 stitutas
461 3937 568 4011 fuisse,
588 3955 766 4015 componere
780 3955 889 4016 operae
910 3936 1027 3997 videtur
1047 3937 1175 4016 pretium
1198 3955 1275 4012 esee,
1296 3937 1349 3998 seul
1370 3937 1450 4015 quod
1472 3939 1564 3998 sclam
1578 3957 1646 3997 non·

226 4093 228 4098 .
328 4037 398 4097 dum
420 4037 604 4117 compositae
624 4047 703 4098 sunt.

1383 4175 1421 4234 Ε.
1443 4174 1607 4234 Bonusau.
