3578 5962
255 1669 497 1785 FELICIS
535 1670 855 1785 iuniorum
891 1670 1285 1788 Vuuouunsis

411 1852 780 1970 OPVSOVLVM
815 1856 1141 1971 innolivit.

190 2109 275 2166 Inter
302 2109 439 2168 homines
465 2109 561 2167 Italos
594 2109 645 2184 qui
677 2108 714 2167 de
742 2109 863 2186 optimis
895 2109 1062 2169 litterarum
1094 2109 1198 2186 figuris
1229 2113 1441 2186 quaesiverunt

106 2228 271 2286 earumque
296 2219 376 2268 recte
401 2219 432 2268 et
457 2217 582 2268 venuste
608 2210 823 2287 pingendarum
845 2219 1005 2287 praecepta
1025 2211 1191 2284 ediderunt,
1219 2213 1307 2271 etiam
1336 2214 1363 2272 is
1388 2217 1440 2291 qui

105 2313 292 2372 novissimus
304 2311 340 2370 de
352 2312 400 2370 his
413 2312 607 2388 scriptoribus
620 2312 697 2372 dixit
708 2310 909 2372 Sotzmannus
921 2312 1098 2388 (Naumonn
1108 2313 1264 2390 etWeigel
1273 2315 1441 2392 Arctiusiir

106 2415 154 2476 die
174 2414 360 2473 zeictnendee
373 2413 485 2474 Krinete
502 2413 579 2474 1856
602 2414 634 2472 11
656 2435 685 2493 p.
707 2413 834 2492 iidsq.)
857 2417 1004 2474 neminem
1026 2416 1223 2492 antiquiorem
1244 2417 1330 2476 novit
1349 2418 1441 2486 fratre

104 2515 193 2576 Luca
207 2515 360 2576 Paciuolo.
398 2514 459 2590 Qui
481 2535 547 2576 eum
569 2533 647 2592 opus
669 2517 895 2576 celeberrimum
910 2516 990 2594 quod
1012 2524 1058 2577 est
1072 2517 1108 2576 de
1124 2519 1224 2576 divine
1237 2521 1441 2596 proportione,

108 2618 300 2678 terminatum
322 2617 397 2677 iilud
418 2619 446 2677 d.
472 2620 520 2678 14.
542 2639 581 2677 m.
603 2617 679 2678 Dec.
704 2619 782 2680 1497
811 2617 873 2695 (vd.
896 2619 947 2678 sol.
971 2618 1051 2695 23³),
1078 2619 1234 2680 duodecim
1260 2622 1347 2682 annis
1373 2629 1442 2700 post

106 2721 246 2780 editurus
267 2729 355 2794 esset,
378 2721 486 2780 adiecit
506 2721 612 2797 viginti
638 2722 737 2798 capita
764 2721 802 2780 nd
825 2722 1052 2802 architectonem
1073 2722 1261 2801 pertinentia.
1305 2722 1363 2781 His
1385 2743 1441 2802 pro

107 2823 274 2900 appendice
301 2829 348 2882 est
375 2824 469 2882 series
500 2823 665 2882 litterarum
697 2832 834 2883 accurate
867 2825 970 2884 circini
999 2835 1028 2883 et
1054 2827 1175 2902 regulae
1201 2842 1258 2902 ope
1282 2825 1441 2900 pictarum,

107 2925 194 2985 cuius
220 2925 400 2984 mentionem
426 2925 574 3001 epistolae
602 2924 803 2986 dedicatoriae
830 2947 856 2985 a
883 2925 1116 2985 d.V1d.Ian.
1142 2927 1221 2987 1509
1249 2926 1287 2986 ad
1315 2927 1440 2988 Petrum
1538 2935 1541 2940 '

108 3025 290 3087 Soderinum
311 3027 399 3086 datae
420 3023 561 3098 inseruit3
586 3026 767 3103 explicatius
795 3028 832 3085 de
860 3029 926 3086 eius
952 3028 1069 3086 ratione
1094 3029 1125 3086 iu
1146 3029 1214 3106 ipso
1235 3047 1326 3105 opere
1348 3049 1441 3108 expo·

109 3129 186 3201 suit,
209 3149 297 3205 quem
321 3131 420 3188 locum
448 3128 510 3205 (De
531 3128 590 3187 div.
613 3147 699 3205 prop.
716 3146 786 3206 pars
808 3128 905 3204 prime
925 3128 975 3186 fol.
993 3127 1072 3204 idn.)
1094 3137 1189 3188 totum
1211 3129 1441 3190 adscribendum

110 3249 179 3290 esse
207 3231 294 3289 duxi:
327 3229 492 3290 Cortonam
514 3249 569 3306 per
594 3231 674 3288 motti
700 3234 731 3287 in
757 3233 831 3288 dicto
854 3215 980 3306 piiostro
1005 3248 1111 3306 ponere
1138 3230 1231 3289 lettere
1253 3248 1309 3307 per
1334 3232 1442 3292 diecret

108 3335 243 3392 ordinate
263 3332 312 3392 111
334 3333 436 3392 dieuco
459 3351 473 3390 1
492 3349 619 3391 norrono
643 3331 704 3391 loro
726 3334 840 3405 intento,
863 3331 934 3390 11111
949 3331 1071 3391 Anticte
1093 3349 1144 3390 con
1166 3340 1239 3390 totto
1258 3337 1443 3408 proportione

109 3455 123 3494 1
144 3438 255 3494 contin
276 3435 538 3512 ottrisrontespicii
559 3454 573 3493 1
580 3436 662 3511 srepi
684 3437 880 3494 emonumenti
901 3433 960 3491 loro
982 3433 1131 3510 epptopin'i
1151 3434 1233 3512 quoti
1252 3452 1335 3510 eenpo
1358 3435 1442 3493 dnbio

109 3537 194 3598 molto
217 3538 343 3596 rendono
369 3547 488 3595 venneto
510 3537 538 3595 1ο
564 3538 698 3612 arteficio.
741 3536 773 3594 E
788 3555 859 3612 pero
885 3554 905 3593 n
926 3547 1023 3612 questo
1038 3537 1097 3612 fine
1124 3535 1159 3594 1ο
1175 3545 1262 3612 poeto
1283 3554 1391 3596 ancora
1411 3539 1443 3594 tn

109 3649 208 3716 questo
228 3647 326 3698 nostro
347 3638 457 3697 volume
483 3641 556 3697 detto
585 3639 651 3696 deta
672 3639 774 3698 diuino
793 3641 978 3714 proportione
999 3637 1025 3696 11
1045 3639 1126 3696 modo
1149 3655 1162 3696 e
1176 3639 1279 3715 formo
1300 3655 1353 3696 con
1374 3646 1442 3698 totto

110 3759 160 3800 sne
178 3743 363 3817 proportioni
383 3758 437 3799 ono
459 3741 549 3816 depno
570 3739 720 3815 alphabeto
735 3740 860 3799 Antioio
881 3741 1020 3800 mediante
1041 3740 1068 3798 11
1088 3739 1173 3816 quote
1189 3749 1300 3815 potrete
1320 3740 1443 3799 seriem
1485 3809 1492 3819 ,

110 3847 142 3901 in
168 3845 258 3902 contri
283 3841 380 3900 tenori
401 3841 495 3918 quello
521 3859 554 3900 oe
582 3843 709 3900 ocodern
735 3845 869 3900 ostreno
890 3860 975 3916 eenpa
996 3843 1080 3900 dnbio
1102 3844 1142 3900 do
1163 3845 1226 3901 tutti
1246 3841 1442 3901 commendati.

110 3944 301 4003 Autrondoue
326 3945 375 4002 111
391 3963 446 4019 per
466 3951 563 4019 questo
591 3943 652 4002 eolo
677 3947 716 4002 mi
736 3947 823 4003 moesi
843 3963 863 4002 α
886 3945 1048 4020 disponerto
1068 3948 1099 4002 in
1121 3946 1198 4004 diota
1211 3947 1313 4021 sonno
1335 3947 1397 4002 ocio
1421 3943 1444 4001 n·

110 4049 247 4121 scriptori
271 4049 449 4104 eminiotori
471 4045 520 4104 111
541 4053 619 4103 tanto
641 4063 671 4104 11
692 4047 820 4103 rondono
841 4049 936 4106 ecerat
956 4065 975 4102 α
996 4047 1179 4105 demostrorte
1205 4045 1227 4103 ii
1240 4047 1323 4121 soree
1343 4045 1443 4104 etioro

112 4149 162 4208 111
189 4165 274 4222 oenpo
305 4147 350 4204 lor
371 4166 467 4224 penno
494 4165 508 4206 1
537 4147 683 4222 pennotto,
711 4147 737 4204 11
764 4148 812 4204 dot
838 4147 910 4205 tineo
935 4146 1129 4205 mathematici
1158 4165 1249 4204 ουταα
1277 4165 1291 4205 1
1322 4155 1402 4205 recto
1426 4163 1442 4202 o

111 4249 206 4308 cotino
228 4267 244 4308 o
266 4268 331 4322 non,
354 4269 374 4308 o
391 4251 565 4326 perfectione
587 4247 612 4306 le
633 4249 921 4306 conducono·eomme
943 4266 1051 4306 ancora
1075 4255 1142 4306 tutte
1164 4247 1249 4304 lettre
1272 4263 1334 4305 coeo
1348 4247 1443 4321 sonno

114 4353 259 4410 conciosin
281 4351 330 4409 111
351 4369 437 4426 uenpo
459 4369 524 4426 epse
545 4369 602 4408 non
623 4353 668 4408 sio
688 4348 824 4426 possibile
846 4347 953 4406 alonna
974 4365 1042 4406 oceo
1064 4346 1115 4406 ben
1130 4349 1271 4423 somnone.

197 4451 268 4512 Non
290 4459 355 4511 erat
375 4453 497 4511 omnino
512 4471 622 4510 novum
638 4457 668 4509 et
682 4469 700 4508 a
714 4450 805 4508 fratre
821 4449 1000 4508 minoritono
1015 4448 1143 4526 primum
1158 4449 1322 4518 inventum,
1344 4465 1442 4505 emen·

113 4555 202 4613 datas
228 4554 394 4614 litterarum
421 4554 533 4632 figuras
559 4553 663 4612 circini
688 4561 718 4614 et
744 4551 865 4631 regulae
891 4568 947 4611 usu
975 4551 1131 4610 commode
1156 4548 1299 4621 describi3
1328 4549 1444 4624 antiqui

113 4654 192 4715 tituli
221 4673 290 4714 cum
318 4653 429 4716 Graeci
454 4664 518 4715 tum
539 4655 669 4714 Romani
695 4654 769 4714 satis
791 4655 996 4713 demonstrent
1023 4673 1062 4713 ne
1086 4651 1295 4731 quadratarios
1323 4649 1445 4727 quidem

112 4759 235 4817 illorum
257 4768 427 4835 temporum
455 4759 494 4816 ab
519 4758 577 4817 hac
596 4758 713 4817 ratione
733 4757 941 4828 abhorruisse,
968 4765 1111 4832 extatque
1136 4752 1283 4815 eiusmodi
1303 4769 1393 4814 curae
1413 4751 1445 4812 iu

112 4860 280 4919 litterarum
296 4859 422 4938 figuram
443 4859 597 4938 impensae
618 4861 707 4920 etium
729 4860 828 4920 tenuis
844 4859 955 4936 scripta
975 4859 1119 4917 memoria
1139 4857 1170 4916 in
1185 4855 1317 4916 Bekkeri
1331 4853 1445 4914 Aneod.

114 4980 144 5038 p.
161 4961 223 5021 784
244 4954 299 5019 Arci
321 4963 405 5035 τοῦτο
428 4951 527 5019 11καῖ
549 4957 600 5018 oda
622 4949 721 5022 ἄλλοις
742 4963 924 5045 χαρακτῆρσι
946 4951 1095 5043 χρώμεθα
1115 4961 1170 5018 τῶν
1192 4949 1345 5037 στοιχείων
1367 4949 1447 5014 ἄλλα

115 5064 174 5124 τοῖς
192 5057 335 5131 Ἰωνικοῖς,
362 5060 400 5126 oie
427 5049 476 5132 piu
500 5053 718 5132 Ἀσκληπιάδης
744 5060 757 5120 ὃ
780 5062 937 5146 Σμυρναῖος
957 5051 1036 5139 >iper
1066 5055 1114 5119 dni
1141 5053 1172 5118 τό
1198 5055 1308 5121 κᾶλλος
1335 5047 1384 5116 καὶ
1405 5047 1447 5113 dre

115 5164 240 5222 πλεῖστα
261 5166 316 5222 τῶν
338 5155 575 5249 συγγραμμάτων
595 5153 703 5224 τοῦτας
717 5152 878 5247 ἐγέγραπτο
899 5165 957 5224 τοῖς
971 5164 1184 5248 χαρακτῆρσιν·
1206 5158 1244 5223 uis
1265 5149 1297 5219 di
1310 5149 1447 5244 Διᾶδωρος

117 5255 165 5325 ani
184 5258 294 5326 ’Animo
316 5263 341 5324 ἐν
362 5267 406 5345 τῷ
425 5255 486 5352 eripi
509 5267 565 5326 τῶν
592 5257 760 5344 στοιχείων,
781 5256 822 5324 dre
842 5265 968 5324 πλεῖστα
995 5265 1182 5348 συγγραφεῖς
1208 5251 1257 5320 καὶ
1287 5261 1311 5321 oi
1335 5248 1448 5330 ποιηταὶ
