3582 5956
518 609 944 664 uvnmnsconsvusam.
1321 595 1389 667 197

69 799 96 848 51
117 788 167 848 XI
187 784 331 860 kalendas
346 783 469 863 Apriles
490 785 667 862 magistratu
680 784 772 843 iuncti
788 803 856 844 esse
870 785 1059 846 inveniantur
1080 785 1132 863 (ci.
1148 788 1207 847 tab.
1222 790 1291 849 hon.
1307 791 1392 850 miss.

69 891 127 950 vol.
142 889 202 962 111,
221 887 356 947 XXXII.
375 885 551 964 XXXIII),
576 886 705 962 primum
725 894 805 946 certe
826 886 990 947 nundinum
1013 906 1072 947 555
1093 890 1234 951 bimestre
1255 891 1318 963 1511,
1341 895 1394 954 551

70 1001 119 1052 551
139 992 288 1050 1515155155
310 997 363 1049 551
382 987 611 1065 quadrimestre.
646 987 714 1046 Hoc
735 996 834 1048 autem
855 989 927 1047 mihi
942 990 1039 1069 magis
1053 992 1209 1066 probatur:
1231 1013 1300 1053 nam
1315 1015 1394 1055 anno

70 1111 188 1170 quoque
211 1093 270 1152 134
296 1091 528 1169 quadrimestria
547 1090 643 1151 fuisse
663 1089 798 1149 nundina
818 1090 924 1150 consul
945 1091 1075 1152 ostendit
1095 1093 1264 1157 ordinarius
1286 1096 1323 1155 T.
1339 1097 1394 1155 Vi-

71 1195 133 1254 bius
148 1195 250 1254 Varus
279 1213 346 1252 cum
368 1192 406 1254 T.
432 1191 559 1252 Haterio
581 1191 700 1270 Nepote
726 1209 901 1252 successore
924 1191 1060 1254 Serviani
1087 1197 1191 1256 consul
1218 1207 1287 1259 ante
1316 1199 1393 1259 diem

71 1297 129 1356 IIII
147 1314 246 1356 nonas
260 1296 384 1373 Apriles
406 1293 479 1370 (tab.
503 1295 572 1355 hon.
594 1294 678 1356 miss.
699 1295 759 1353 vol.
773 1293 833 1368 111,
847 1293 1013 1372 XXXIV).
1048 1296 1152 1375 Itaque
1166 1297 1320 1360 Hadriano
1340 1301 1394 1362 im-

71 1405 190 1476 perante
217 1407 278 1458 tam
304 1398 335 1457 15
361 1381 437 1457 1555
463 1416 554 1475 quam
579 1395 727 1456 interdum
752 1397 784 1456 in
811 1402 974 1473 quaternos
995 1415 1128 1476 quoque,
1154 1400 1284 1462 fortasse
1304 1404 1393 1463 etism

73 1502 101 1560 iu
122 1511 222 1560 ternos
244 1513 364 1558 menses
384 1498 481 1558 fasces
503 1498 567 1557 dati
587 1505 665 1559 sunt.

151 1601 199 1661 De
222 1601 369 1660 Antonini
390 1599 440 1660 Pii
465 1600 738 1678 imperatorumque
764 1601 816 1678 qui
842 1611 1009 1679 sequuntur
1033 1604 1217 1682 temporibus
1239 1605 1397 1667 difficulter
1432 1659 1435 1666 .

73 1703 193 1762 iudicari
213 1709 325 1780 potest,
346 1721 415 1762 cum
435 1702 468 1760 in
488 1703 596 1762 horum
614 1703 815 1762 monumentis
830 1703 946 1764 suffecti
960 1683 1101 1765 consules
1115 1725 1183 1766 raro
1198 1708 1396 1770 nominentur.

73 1803 214 1864 Nundiua
234 1814 335 1864 155555
354 1803 511 1865 bimestris
528 1803 625 1882 magis
643 1804 801 1882 magisque
821 1804 960 1865 videatur
976 1807 1148 1868 invaluisse.
1184 1807 1228 1868 Ut
1241 1829 1321 1870 anno
1339 1811 1397 1870 156
1512 1884 1516 1892 Ι

73 1907 207 1966 kalendis
229 1906 351 1984 quidem
372 1906 519 1967 Ianuariis
540 1907 581 1965 Μ.
597 1903 741 1966 Ceionius
762 1905 916 1967 Barbarus
937 1916 968 1966 51
988 1909 1029 1968 M.
1048 1909 1182 1970 Metilius
1195 1911 1331 1990 Regulus
1353 1913 1398 1973 15-

75 2009 175 2080 155551,
199 2008 298 2086 pridie
319 2027 392 2068 aero
412 2008 482 2068 idus
503 2007 630 2068 Martias
650 2009 689 2067 A.
711 2007 840 2069 Avillius
860 2006 1018 2068 Urinatius
1040 2008 1214 2086 Quadratus
1236 2023 1267 2072 et
1288 2012 1398 2074 Strabo

75 2111 260 2170 Aemilianus
286 2109 465 2188 magistratu
486 2109 685 2188 iungebantur
706 2108 776 2186 (act.
798 2110 903 2170 Arval.
926 2110 1063 2188 5155),
1091 2120 1124 2171 51
1143 2112 1241 2174 fasces
1262 2133 1297 2174 eo
1320 2133 1398 2175 anuo

75 2213 104 2272 ia
126 2213 215 2272 binos
242 2229 362 2272 menses
388 2211 475 2272 datos
501 2229 568 2274 esse
590 2219 700 2289 551551.
742 2210 826 2271 Idem
848 2212 886 2272 de
907 2219 1006 2272 aetate
1025 2231 1080 2273 555
1100 2213 1229 2274 affirmat
1248 2215 1310 2275 Dio
1333 2217 1398 2294 (43,

76 2314 125 2390 46)
146 2314 183 2374 15
204 2323 342 2393 tempore
362 2313 571 2374 consulatuum
592 2314 637 2373 sic
657 2314 804 2374 scribensr
826 2312 858 2371 ἐκ
879 2303 966 2372 dedu
987 2304 1167 2398 5517551555
1189 2308 1292 2375 ἐκείνου
1309 2309 1399 2376 οὐκέτι

78 2415 98 2472 οἱ
121 2406 199 2474 adro}
228 2409 275 2474 dni
302 2409 409 2478 παντός
434 2418 486 2474 τοῦ
511 2405 592 2476 ἔτους
615 2407 689 2484 πλὴν
708 2407 812 2491 ὅλ1’·γων
833 2405 909 2473 πάνυ
931 2437 968 2492 γε
989 2407 1170 2485 ὑπάτευσαν,
1196 2413 1262 2476 ἄλλ’
1284 2410 1322 2481 ὥς
1343 2441 1398 2478 που

76 2507 259 2595 5511155555,
284 2516 308 2574 οἱ
328 2505 376 2584 μὲν
398 2507 443 2576 151
463 2507 591 2583 πλείους,
612 2515 636 2573 ei
658 2509 688 2573 δὲ
710 2511 753 2574 ἐπ’
775 2507 927 2584 ἐλάττους,
952 2515 975 2574 ui
996 2505 1044 2584 adv
1065 2519 1169 2588 μῆνας,
1191 2520 1215 2578 ot
1237 2510 1267 2578 δὲ
1288 2512 1400 2606 isuper,

78 2608 130 2676 1551
160 2619 210 2676 νῦν
238 2641 274 2695 γε
303 2608 395 2679 οὐδεὶς
421 2605 484 2674 edre
511 2613 553 2674 ἐπ’
579 2612 718 2686 ε’νκιυτόν,
747 2606 811 2676 odra
839 2616 873 2678 ἐς
898 2609 1003 2676 πλείω
1032 2612 1176 2688 διμήνου
1204 2613 1333 2704 χρὸνσυ
1362 2621 1401 2684 uic

77 2712 179 2790 πλήθει
201 2713 258 2778 cdv
279 2709 357 2803 ἑτέρῳ
379 2708 548 2803 5511155551.
584 2717 633 2779 Ne
654 2728 755 2779 tamen
775 2720 880 2780 credas
903 2730 965 2780 tum
987 2738 1109 2797 semper¹
1124 2721 1156 2780 in
1176 2723 1265 2785 binos
1282 2742 1401 2786 menses

78 2821 169 2883 fasces
191 2823 282 2883 datos
302 2838 381 2895 esse,
402 2820 536 2881 nundina
555 2820 748 2881 Inveniuntur
768 2823 840 2881 item
861 2841 897 2881 ea
917 2829 1014 2882 astate
1035 2830 1088 2882 aut
1108 2824 1247 2884 breviora
1267 2827 1401 2887 551155-

79 2925 165 3001 giora
209 2924 253 2984 Et
276 2923 396 2984 brevius
417 2923 538 3001 quidem
558 2922 617 2981 fuit
637 2923 776 2983 ultimum
797 2931 876 2984 certe
897 2925 1059 2996 5551155,
1084 2912 1150 3003 555
1166 2926 1310 2988 ordinarii
1330 2947 1401 2989 con·

80 3027 153 3086 55155
174 3033 389 3104 555555555551
410 3023 539 3087 Severus
561 3023 753 3097 5111511555,
778 3035 1046 3085 commemorantur
1066 3026 1174 3088 deiude
1195 3046 1298 3088 mense
1319 3031 1402 3091 Maio

80 3146 142 3187 cum
162 3129 282 3206 collega
301 3128 404 3188 nescio
426 3145 487 3204 quo
503 3125 539 3186 0.
554 3126 702 3187 Aucidius
716 3123 822 3185 Victor
843 3126 914 3203 (act.
929 3127 1036 3185 Arval.
1058 3145 1086 3186 a.
1103 3128 1187 3205 155),
1209 3129 1257 3190 die
1278 3130 1328 3190 111
1349 3151 1401 3191 no-

80 3248 129 3289 555
143 3229 333 3290 Novembres
347 3228 458 3288 Antius
471 3227 572 3288 Pollio
592 3237 622 3287 51
636 3227 816 3305 0515515555
837 3227 957 3304 quidam
979 3225 1048 3305 (Or.
1063 3229 1170 3306 4870),
1191 3229 1318 3309 denique
1333 3241 1402 3294 ante

81 3331 154 3392 diem
174 3331 225 3391 111
245 3331 314 3392 idus
337 3330 520 3392 Decembres
542 3329 602 3389 duo
624 3327 728 3391 Severi
750 3328 822 3405 (act.
843 3329 949 3388 Arval.
972 3329 1105 3407 5155),
1127 3337 1160 3390 51
1184 3331 1214 3390 hi
1235 3352 1403 3409 perunum

81 3452 204 3494 mensem
228 3433 423 3494 Decembrem
445 3449 594 3492 summum
616 3431 760 3491 honorem
781 3430 948 3490 obtinuisse
970 3429 1135 3490 videantur.
1178 3431 1293 3494 Notum
1313 3453 1404 3512 porro

81 3543 124 3594 est
153 3537 321 3613 imperante
350 3532 516 3594 Commodo
547 3532 687 3593 consules
718 3532 826 3611 viginti
857 3533 989 3610 quinque
1019 3549 1078 3592 555
1110 3551 1188 3593 5555
1221 3534 1403 3598 Cleandrum

82 3638 275 3697 nominandos
302 3653 422 3696 curasse
447 3625 597 3712 (111571,
616 3633 678 3710 11).
721 3628 748 3692 n
770 3634 920 3694 contrario
941 3633 1079 3712 longiora
1099 3636 1233 3696 nundina
1253 3639 1324 3698 anni
1345 3641 1403 3702 184

83 3739 217 3799 rideatur
247 3737 351 3798 fuisse.
399 3737 450 3796 Ad
482 3743 551 3796 5515
580 3736 661 3796 euim
688 3736 846 3796 Arvalium
879 3735 950 3794 anni
972 3735 1030 3796 183
1063 3754 1131 3797 cum
1162 3737 1337 3800 adnotatum
1365 3743 1405 3801 sit

84 3839 230 3916 piaculum
257 3839 296 3899 ob
323 3838 393 3899 lerri
421 3837 579 3899 elationem
606 3838 719 3898 factam
746 3855 814 3898 esse
841 3846 910 3897 aute
936 3837 1013 3897 diem
1041 3835 1104 3898 XV
1125 3833 1272 3900 kalendas
1299 3841 1405 3902 Iunias

83 3941 247 4014 5551184,
273 3939 424 4019 piaculum
450 3940 489 3998 ob
514 3938 687 4000 inlationem
712 3939 785 4000 ferri
810 3947 892 3999 certo
917 3938 1022 4017 paucis
1049 3938 1154 4001 diebus
1181 3951 1249 4003 ante
1277 3943 1406 4005 alterum

83 4040 187 4102 lactum
218 4051 266 4103 est
291 4041 481 4114 consulibus,
511 4040 589 4100 siout
614 4051 681 4101 scta
706 4047 868 4114 testantur,
900 4039 937 4099 1..
966 4037 1116 4102 Cossoaio
1142 4041 1240 4121 Eggio
1265 4045 1406 4120 11555115,

85 4139 136 4201 (ln.
156 4143 282 4222 Papirio
303 4141 446 4216 Aeliano,
473 4140 506 4200 id
533 4149 582 4202 est
605 4142 669 4202 eius
694 4142 764 4202 anni
789 4141 957 4201 ordinariis.
1001 4140 1043 4201 Hi
1070 4141 1162 4219 igitur
1187 4161 1290 4204 meuse
1309 4145 1406 4223 Aprili

84 4245 237 4305 consulatu
264 4242 397 4304 nondum
425 4261 459 4302 55
486 4241 750 4318 5511555555511),
779 4240 857 4301 uude
883 4241 1015 4300 nundina
1043 4242 1275 4319 quadrimestris
1301 4245 1407 4323 etiam·

86 4355 144 4405 tum
168 4347 201 4406 iu
225 4362 285 4404 555
311 4345 408 4404 151555
431 4344 574 4421 sequitur.
620 4343 728 4418 Itaque
753 4361 791 4401 55
817 4341 873 4402 sub
899 4341 1062 4401 Antemnis
1088 4343 1209 4419 quidem
1238 4345 1306 4403 sola
1331 4364 1407 4404 nun·

86 4444 152 4505 dina
169 4445 327 4506 5151551515
346 4444 476 4516 suerum,
497 4443 550 4504 sed
571 4442 619 4503 vel
641 4461 678 4502 ea
697 4449 796 4502 551515
816 4442 914 4502 fasces
935 4441 1084 4501 interdum
1104 4441 1252 4503 dabantur
1271 4445 1302 4503 iu
1324 4464 1407 4504 men-

87 4563 132 4606 ses
155 4547 248 4606 modo
273 4545 376 4623 plures
404 4544 494 4604 ruodo
520 4545 694 4622 pauciores,
726 4543 847 4604 etiamsi
874 4553 961 4602 extra
988 4541 1122 4603 ordinem
1148 4543 1180 4603 id
1206 4545 1349 4606 accidisse
1378 4553 1409 4606 et

87 4645 256 4724 plerumque
276 4665 331 4726 per
351 4646 440 4706 binos
461 4663 580 4706 menses
600 4644 700 4706 fasces
716 4653 819 4724 gestos
834 4661 901 4704 esse
915 4643 1009 4704 Dioni
1024 4644 1145 4703 omnino
1160 4644 1337 4706 credendum
1352 4654 1408 4708 est.

159 4903 184 4967 ¹)
212 4905 245 4957 15
263 4905 329 4956 actis
340 4904 479 4974 1151511515
497 4918 625 4956 sanorum
638 4907 689 4956 111
707 4904 872 4967 (1155115141)
891 4903 982 4955 51115
1001 4902 1107 4966 (11148)
1126 4904 1196 4970 quod
1208 4905 1237 4956 15
1248 4905 1300 4957 illis
1313 4903 1410 4958 Gratus

89 5000 112 5044 51
128 4995 250 5048 85155555
267 5002 327 5047 5515
345 4995 416 5048 diem
429 4997 483 5048 vn
501 4994 560 5047 idus
571 4995 666 5059 115155,
685 4996 713 5046 15
731 4996 772 5047 hle
785 4995 883 5047 Furem
895 4995 924 5047 11
942 5001 968 5045 et
979 4992 1079 5046 Dexter
1095 4995 1180 5047 XIIII
1192 4995 1316 5047 kalendas
1324 4996 1411 5048 115155

88 5085 202 5138 mucules
225 5091 468 5150 commemorantur,
492 5086 554 5138 lude
576 5087 662 5153 551155
687 5085 867 5151 explleeudum
885 5092 935 5149 est,
959 5085 1030 5152 quod
1048 5085 1173 5138 ordinarii
1192 5093 1246 5138 tum
1263 5102 1311 5152 per
1328 5093 1411 5136 totum

90 5189 181 5227 maura
199 5179 286 5229 notari
304 5177 437 5242 solebant,
460 5167 626 5230 5515515555
643 5177 830 5228 5551555555
848 5177 1001 5229 citabantur.
1037 5177 1083 5230 Ad
1101 5185 1160 5234 aete
1178 5185 1263 5232 autera
1282 5177 1344 5230 5551
1359 5177 1411 5226 1111

90 5265 115 5316 11
133 5268 240 5321 molare
257 5269 386 5336 pertinere
405 5269 458 5323 alie
474 5268 592 5322 aaudiat
610 5267 748 5321 adsudant
766 5269 793 5320 ia
812 5269 877 5321 sotis
893 5269 1044 5335 5555551515.
