3578 5962
334 625 408 698 290
906 639 1089 694 nonusun

334 817 470 879 labello
491 814 613 875 Persico
640 830 716 891 quas
739 820 840 890 partes
861 811 1006 874 Thiabaei
1028 814 1121 874 secuti
1148 814 1210 873 sint
1230 815 1361 894 quidque
1388 835 1443 894 per
1468 837 1505 878 ea
1531 827 1663 898 tempora

332 928 363 981 et
383 926 507 997 propter
527 937 564 977 ea
583 915 730 995 perpessi,
752 914 813 974 iam
835 935 873 974 ex
896 925 1018 977 senatus
1039 917 1178 977 consulto
1199 936 1236 976 eo
1258 917 1377 995 dequo
1399 920 1518 998 agimus
1532 921 1663 982 luculen-

332 1033 377 1084 ter
397 1028 531 1100 apparet,
554 1037 613 1097 quo
629 1036 706 1095 quae
721 1016 889 1091 traduntur,
912 1036 980 1078 cum
994 1019 1043 1078 hic
1064 1019 1095 1078 in
1110 1019 1209 1078 media
1227 1019 1295 1079 luce
1309 1019 1481 1100 Polybium
1500 1042 1662 1098 versemur,

330 1123 473 1185 facillime
495 1131 524 1181 et
543 1120 720 1198 planissime
741 1119 780 1178 ad
801 1120 973 1180 uuiversum
992 1140 1090 1181 rerum
1112 1128 1266 1201 gestarum
1288 1123 1423 1182 ordinem
1445 1124 1643 1203 applicantur.

410 1225 529 1284 Bellum
549 1222 705 1282 Persicum
725 1221 826 1298 coepit
846 1241 865 1281 a
885 1222 1010 1284 Boeotis
1034 1223 1166 1301 antiquis
1185 1223 1281 1302 partis
1303 1225 1515 1287 Macedonicae
1536 1235 1663 1287 sectato·

329 1328 413 1388 ribus
435 1335 464 1386 et
482 1345 501 1384 a
514 1325 720 1384 Romanorum
741 1325 883 1385 societate
905 1325 1014 1385 infesto
1033 1344 1136 1386 eornm
1158 1324 1229 1384 odio
1249 1327 1372 1388 aversis.
1405 1326 1482 1388 Cam
1501 1330 1662 1390 amicitiara

329 1429 475 1490 Romanis
497 1427 696 1505 suspiciosam
718 1425 825 1486 Boeoti
852 1444 921 1486 cum
946 1446 1016 1507 rege
1037 1428 1152 1488 Perseo
1176 1426 1331 1502 fecissent,
1358 1428 1486 1490 Romani
1512 1431 1607 1511 legati
1628 1433 1662 1492 ob

218 1533 225 1538 '
329 1550 396 1592 eam
411 1548 535 1591 eausam
554 1529 585 1588 in
600 1527 758 1589 Graeciam
774 1528 860 1588 missi
879 1528 986 1589 callide
1001 1538 1187 1609 negaverunt
1201 1547 1234 1592 se
1253 1530 1290 1590 de
1303 1549 1385 1592 aare
1399 1550 1467 1592 oum
1482 1531 1662 1593 Boeotorum

329 1634 457 1693 concilio
471 1638 652 1692 tractaturos
667 1647 744 1705 esse,
760 1637 793 1690 nt
807 1632 846 1690 ad
861 1631 997 1710 singulos
1011 1631 1142 1708 populos
1157 1650 1193 1690 ea
1206 1637 1255 1692 res
1268 1633 1474 1711 reiceretur1).
1499 1633 1571 1710 Quo
1586 1635 1662 1696 iacto

329 1753 397 1794 cum
418 1743 449 1794 et
468 1732 605 1794 Thebani
628 1739 658 1791 et
679 1731 884 1810 Thespieases
898 1732 994 1792 etalii
1009 1733 1130 1810 plurimi
1144 1733 1289 1795 Boeotiae
1302 1735 1408 1813 populi
1422 1735 1578 1797 Romanas
1596 1755 1661 1815 par·

329 1845 375 1896 tes
394 1837 653 1914 amplecterentur,
675 1845 736 1894 tres
755 1836 786 1893 in
801 1835 880 1913 regis
894 1834 1090 1896 Macedoniae
1111 1836 1245 1896 amicitia
1257 1849 1493 1914 permanserunt
1528 1831 1661 1925 llrprso'r,

328 1939 475 2017 Polybius
502 1937 545 1997 ait
571 1935 620 2011 Ἡ,
644 1938 681 2011 5,
712 1927 929 2004 πινθιινίμινοι
953 1929 993 1994 ἔτι
1022 1931 1100 2000 τινὲς
1124 1940 1181 1995 τῶν
1205 1935 1235 1995 iv
1256 1941 1292 2017 τῇ
1311 1931 1430 2014 Βοιωτίᾳ
1451 1932 1559 2000 adiano
1580 1935 1658 2001 civri-

328 2037 449 2121 χιτθαι
471 2042 522 2111 τῆς
543 2034 612 2124 apic
627 2033 713 2095 adrdv
735 2029 843 2098 srr’vor'art
856 2029 1016 2116 Ἀντῖγονον
1038 2030 1224 2121 ἰξαπῖπειλε
1246 2033 1294 2098 rdv
1307 2033 1501 2126 Ἀλεξάνδρου
1517 2035 1659 2126 aparfira·

327 2135 388 2214 rrsv,
414 2132 446 2204 do
474 2132 523 2200 nal
549 2129 779 2225 aoepoyrvo'arroe
804 2139 844 2198 εἷς
869 2134 1006 2200 Βοιωτοὺς
1032 2135 1087 2202 rric
1111 2129 1161 2206 uir
1186 2130 1282 2203 elaeae
1306 2132 1404 2204 πίνεις
1428 2147 1537 2228 παρῆκε
1559 2140 1608 2204 bul
1628 2141 1658 2204 ri

327 2237 465 2317 μηδιμιίιν
495 2235 626 2328 ἀφορμὴν
657 2231 821 2308 λαμβάνειν
852 2239 1016 2313 ἐπιπλοκῆς,
1047 2241 1087 2302 ais
1118 2231 1149 2301 di
1174 2234 1331 2328 Kopoivarav
1357 2234 1405 2303 reci
1433 2237 1542 2318 θιίβιις
1568 2237 1608 2306 ἔτι
1633 2241 1658 2305 δ’

325 2340 472 2431 Ἃλιίιρτον
506 2340 650 2404 εἰτελθών
679 2333 858 2427 rependisse
885 2338 952 2404 rode
977 2334 1153 2428 ἀνθρώπους
1178 2336 1364 2424 ιέντὸχενθιιι
1391 2349 1442 2418 τῆς
1466 2343 1537 2433 rrpdc
1564 2353 1657 2408 blana-

327 2439 413 2510 do'aar
438 2439 560 2509 sivriac-
585 2449 642 2506 τῶν
672 2433 702 2504 di
733 2438 893 2531 προθύμως
916 2439 1140 2524 ἀποδιχομένων
1165 2440 1203 2505 rei
1228 2438 1372 2525 >spiam
1396 2439 1445 2507 arai
1474 2443 1659 2534 πρεσβευτὰς

326 2541 540 2630 ψηφισαμένων
565 2539 683 2618 πέμπειν
709 2549 748 2612 εἷς
774 2538 954 2608 Μακεδονίαν
980 2534 1062 2608 οὗτοι·
1086 2535 1135 2618 μὶν
1162 2542 1337 2608 ἀπέπλευσε.
1381 2551 1419 2610 In
1445 2570 1506 2630 quo
1532 2553 1601 2613 loeo
1629 2553 1658 2614 in

327 2654 426 2714 verbis
446 2671 522 2730 qnae
543 2661 613 2713 saut
632 2642 681 2709 καὶ
696 2643 803 2724 Θήβας
823 2659 955 2710 erratum
976 2667 1044 2710 esee
1064 2649 1177 2712 dudum
1198 2651 1348 2712 intellexit
1360 2651 1572 2728 Casanbonas,
1592 2675 1657 2716 com

329 2756 429 2816 statim
452 2754 543 2814 addat
569 2761 674 2812 auctor
698 2753 818 2814 easdem
847 2752 984 2812 civitates
1008 2753 1193 2830 praesidinm
1219 2753 1361 2832 petivisse
1386 2775 1406 2815 a
1430 2775 1516 2836 rege,
1543 2775 1613 2835 quo·
1626 2775 1657 2816 se

329 2855 522 2916 defenderent
547 2873 566 2914 a
587 2854 741 2914 Thebanis
769 2875 805 2914 co
830 2865 965 2933 tempore
986 2854 1113 2914 ducibus
1134 2855 1230 2932 partis
1250 2855 1405 2917 advenae
1448 2859 1513 2918 Iam
1535 2869 1658 2938 apparet

325 2959 417 3019 verba
436 2957 488 3018 illa
509 2975 569 3017 non
590 2956 718 3017 delenda
739 2975 815 3033 esse,
836 2956 868 3017 id
887 2956 968 3036 quod
987 2957 1101 3036 placuit
1115 2953 1307 3031 casaubono,
1328 2959 1382 3018 sed
1395 2959 1558 3040 Polybium
1579 2969 1655 3022 recte

326 3061 556 3141 coniungentem
578 3061 716 3120 civitates
739 3060 816 3119 duas
844 3059 987 3120 finitimas
1010 3059 1054 3138 (p.
1069 3059 1129 3122 289
1151 3079 1181 3120 ιι.
1199 3059 1233 3138 3)
1255 3061 1415 3137 scripsisse
1432 3052 1480 3120 soi
1499 3054 1655 3147 Κορώνειαν

323 3153 372 3223 sai
404 3155 530 3230 θῖσβιιι.
576 3161 656 3223 Nam
688 3181 784 3239 neque
811 3161 946 3222 Thisbse
977 3162 1017 3221 ab
1048 3181 1084 3222 eo
1116 3163 1205 3222 tacite
1235 3164 1392 3240 praeteriri
1419 3171 1596 3240 potuerunt,
1627 3175 1654 3223 et

324 3266 465 3327 facillime
486 3266 565 3325 inter
588 3283 621 3326 se
643 3273 851 3340 permutantur
870 3265 988 3324 liberae
1015 3279 1045 3325 rc
1071 3270 1102 3322 et
1122 3279 1166 3324 rc,
1211 3261 1271 3325 Sed
1298 3283 1381 3324 error
1407 3272 1455 3325 est
1481 3267 1654 3344 antiquissi-

324 3387 401 3441 mus,
423 3379 490 3428 cum
512 3368 611 3444 ipsum
633 3365 755 3426 Livium
778 3366 930 3444 deceperit
951 3367 996 3426 sio
1017 3364 1072 3424 illa
1092 3365 1264 3425 reddentem
1286 3365 1342 3439 42,
1369 3365 1426 3442 46,
1454 3367 1486 3426 ir
1518 3368 1653 3427 Boeotiae

324 3489 434 3548 peropus
454 3473 581 3532 civitates
603 3468 709 3548 (legati
730 3467 849 3546 Persei)
871 3481 899 3529 et
918 3467 1027 3528 llatae
1047 3477 1074 3527 et
1098 3465 1256 3527 Ooroaema
1276 3479 1303 3528 et
1322 3467 1492 3528 Haliartum
1512 3473 1653 3541 adierant,

322 3573 424 3649 quibas
445 3590 607 3648 expressum
633 3574 730 3631 invitis
751 3573 980 3644 existimabatur,
1006 3577 1040 3629 at
1062 3569 1164 3630 relicta
1184 3573 1266 3646 repta
1289 3573 1423 3633 commta
1442 3571 1585 3632 Romanis
1604 3573 1654 3632 ad·

322 3677 513 3750 iaapereatar.
560 3673 686 3732 Thebani
707 3672 781 3730 nihil
801 3675 870 3732 moti
890 3683 966 3744 eant,
993 3689 1165 3748 quamquam
1184 3672 1316 3732 nonnihil
1337 3682 1365 3732 et
1384 3673 1528 3733 daromae
1546 3678 1652 3752 priori

319 3775 405 3852 pibus
427 3786 454 3835 et
471 3777 610 3834 restitutis
630 3773 759 3833 eaalihaa
780 3775 981 3834 mmeaeebaat
999 3773 1148 3833 Romania.
1185 3771 1327 3833 Coronaei
1346 3774 1536 3834 etHoliartii
1549 3777 1653 3850 smera
1776 3791 1777 3812 ¹

321 3878 446 3953 quodam
471 3879 557 3934 insito
584 3879 614 3934 in
639 3891 720 3950 repes
747 3874 856 3951 lepotoe
882 3879 914 3932 ιἰι
935 3875 1137 3934 Macedoniam
1161 3878 1299 3935 micenas
1317 3877 1497 3954 praesidium
1519 3887 1651 3953 pateinter.

321 3996 378 4056 pao
404 3995 435 4037 se
461 3976 599 4036 adversae
624 3979 799 4052 impotenter
826 3977 989 4053 superbiam
1019 3975 1213 4036 lbebaaoram
1240 3980 1314 4036 tueri
1336 3981 1455 4053 possim.
1499 3977 1538 4037 Id
1564 3979 1653 4058 igitur

320 4080 420 4157 ipsam
441 4077 522 4156 qnod
543 4076 622 4156 apud
637 4076 798 4154 Polybium
819 4095 877 4138 nos
897 4077 1038 4157 legimus,
1059 4077 1150 4138 etiam
1164 4077 1270 4138 Livius
1290 4077 1372 4157 legit,
1393 4079 1475 4157 quod
1496 4097 1566 4140 cum
1588 4099 1651 4158 per
1775 4133 1776 4164 ,

320 4199 440 4242 rersum
462 4198 531 4241 esse
551 4179 744 4257 perspiceret,
766 4185 799 4238 ut
820 4179 922 4258 aliquo
944 4180 1032 4240 modo
1053 4196 1120 4240 sese
1141 4179 1307 4258 expediret,
1333 4181 1535 4242 narrationem
1556 4183 1601 4241 ita
1620 4189 1651 4240 ut

320 4285 449 4346 vidimus
470 4281 648 4354 immutavit,
674 4295 747 4340 usus
768 4282 818 4340 rel
838 4281 940 4359 potins
962 4282 1076 4342 abusus
1097 4281 1136 4341 iis
1156 4299 1235 4360 quas
1256 4280 1528 4353 de,Thebanorum
1548 4283 1650 4344 factio·

317 4389 406 4450 nibus
427 4385 530 4465 paullo
551 4392 620 4444 ante
641 4391 834 4462 exposuerat.

399 4489 485 4549 Haec
505 4487 586 4546 iacta
612 4492 683 4545 suut
703 4483 800 4544 hieme
821 4503 849 4544 a.
871 4505 901 4545 n.
923 4503 949 4544 c.
972 4483 1076 4547 58213.
1118 4483 1237 4544 Bellum
1257 4483 1365 4545 dende
1386 4504 1454 4546 cam
1474 4488 1650 4562 exarsisset,

320 4590 411 4650 classi
438 4589 609 4669 praefectus
638 4583 674 4647 C.
701 4585 864 4647 Lucretius
890 4595 1014 4666 praetor
1039 4604 1143 4648 meuse
1168 4586 1256 4646 Iunio
1283 4586 1365 4662 (Liv.
1393 4585 1445 4661 42,
1471 4587 1523 4663 35,
1551 4589 1586 4667 3)
1613 4609 1649 4650 ex

319 4691 409 4750 ltalia
437 4691 468 4750 in
492 4690 623 4751 insulam
650 4687 877 4768 Cephalleniam
903 4688 1056 4767 profectus
1082 4687 1152 4748 inde
1176 4687 1301 4748 fratrem
1326 4689 1460 4750 Marcam
1481 4709 1550 4751 cam
1572 4693 1650 4753 nari-

318 4792 374 4853 bus
390 4790 562 4853 Chalcidem
583 4792 675 4864 misit,
698 4787 776 4851 unde
796 4789 824 4850 is
845 4790 877 4849 in
897 4789 1055 4850 Boeotiam
1078 4789 1234 4869 ingressus
1255 4791 1358 4868 copias
1371 4789 1544 4852 Haliartum
1567 4794 1650 4854 duxit

318 4893 357 4954 ad
384 4893 526 4972 oppidum
552 4893 795 4973 oppugnandum.
840 4893 912 4972 Ipse
937 4901 1059 4970 praetor
1085 4911 1153 4952 cum
1180 4911 1241 4952 naa
1265 4891 1379 4951 triremi
1408 4911 1427 4952 a
1453 4891 1649 4972 Cephallenia
1773 4887 1774 4906 ¹

317 4995 454 5057 breviore
474 4995 525 5054 ria
545 5012 599 5072 per
620 4995 719 5054 sinum
741 4992 965 5056 Corinthiacum
990 4993 1022 5054 in
1043 4993 1201 5056 Boeotiam
1220 4993 1376 5074 ingressus
1398 4991 1544 5058 Creusam
1572 4995 1649 5058 veuit

394 5306 417 5368 ¹)
443 5305 499 5358 Lir.
513 5307 558 5370 42,
576 5305 618 5368 12,
634 5303 659 5356 5.
679 5319 700 5356 c.
716 5305 761 5368 40,
775 5305 801 5356 6.
820 5321 843 5357 c.
861 5305 906 5358 4³.
924 5307 969 5357 44.
994 5304 1087 5371 Polyb.
1102 5305 1146 5368 27,
1161 5305 1187 5356 2.
