3546 5950
500 599 799 656 onsnnvlrrouns
816 599 937 654 arma.
955 601 1020 652 vn.
1347 585 1417 657 131

175 772 319 832 Eiusdem
346 771 476 831 hominia
498 774 639 832 nimirum
661 773 768 832 titulus
791 777 837 830 est
858 771 987 832 Casinas
1008 773 1097 833 hodie
1117 774 1301 849 dimidiatus,
1322 778 1422 837 editus

92 873 117 932 l.
132 873 173 934 N.
189 873 282 944 4237,
304 875 382 952 apud
399 874 573 934 Honzenum
596 895 624 934 n.
641 873 721 934 6482
733 874 773 951 ¹),
795 891 883 951 quem
901 875 1066 952 subscripsi
1089 876 1258 954 suppletum
1280 897 1319 938 ex
1333 880 1421 938 titulo

93 975 183 1034 modo
204 975 300 1033 relato
323 975 412 1034 vicini
434 975 537 1053 oppidi
559 975 683 1052 Aquini.

164 1073 214 1152 [C.
245 1074 373 1136 Octavio
401 1078 479 1153 App.
511 1075 617 1137 Stltrio
644 1075 757 1136 Sabino
789 1095 815 1134 c.
848 1095 876 1134 r.
909 1093 971 1135 cos.
997 1077 1177 1153 ordina]ric,
1208 1080 1353 1157 pontifici,

162 1177 302 1253 [auguri,
328 1178 430 1237 comiti
456 1179 535 1256 Aug.
563 1197 608 1250 n.,
635 1177 729 1236 electo
756 1176 808 1252 a]d
835 1177 1068 1254 corrig[end]um
1096 1189 1206 1238 statum
1234 1180 1353 1256 ltaliae,

163 1278 272 1356 [prael.
301 1278 526 1352 alimentorum,
554 1278 647 1337 iudici
671 1278 724 1354 ex]
751 1278 891 1357 delegato
920 1279 1114 1356 [p]rincipum
1142 1283 1174 1340 in
1199 1284 1355 1358 provincia

164 1379 365 1454 [Dalmatiai,
381 1381 451 1438 item
466 1378 676 1456 Pannoniaei]
690 1379 879 1456 infcrior[i]a,
892 1381 951 1456 leg.
966 1380 1047 1457 Aug.
1062 1399 1106 1456 pr.
1122 1401 1167 1458 pr.
1182 1385 1354 1460 provinciae
1387 1435 1389 1440 .

15 1491 24 1503 ·
110 1500 123 1538 a
164 1479 320 1555 [Raetiae,
353 1480 527 1557 praeposito
553 1480 720 1558 vexillaJris
748 1479 974 1557 Germ[a]nioae
1006 1482 1221 1558 expeditionis,
1252 1485 1353 1562 legato

162 1581 624 1661 [leg.XXlerimigeniaep.l.,]
632 1581 1215 1660 iuridicoper[A]emiliametLiguriom,
1225 1588 1354 1645 curatori

164 1683 247 1758 [viae
267 1681 403 1755 Latinae,
425 1683 525 1760 legato
547 1702 632 1761 pror.
648 1683 786 1760 AlJricae
807 1683 941 1761 regionis
963 1683 1190 1762 Hipponiensis,
1212 1688 1354 1764 praetori,

282 1783 364 1860 [trib.
386 1785 428 1862 pl.
451 1785 550 1856 cond,
571 1804 600 1863 q.
623 1785 719 1858 caud,
742 1784 853 1860 seviJrc
875 1795 1037 1844 turmarum
1061 1788 1240 1864 equestrium

555 1886 695 1961 [patrono
716 1885 962 1963 a]manti[e]simo

95 1985 205 2046 Officia
233 1986 386 2046 rarissime
407 1994 572 2046 memorata
592 1987 641 2046 rel
662 1987 761 2064 potius
783 1988 840 2046 hac
860 1995 958 2046 aetate
981 1988 1145 2065 singularia
1166 1990 1252 2049 electi
1272 1993 1311 2050 ad
1333 1992 1425 2050 corri-

94 2087 224 2166 gendum
250 2097 361 2147 statum
383 2088 489 2147 ltaliae
511 2096 542 2147 et
562 2088 670 2147 iudicis
693 2105 846 2148 sacrarum
867 2090 1085 2165 cognitionum,
1111 2091 1181 2150 item
1203 2110 1310 2152 cursus
1332 2092 1425 2151 hono-

94 2207 158 2247 rum
186 2207 244 2265 per
272 2197 430 2266 utrumque
456 2169 574 2248 titulum
603 2189 697 2262 idem,
726 2189 842 2249 abunde
870 2191 999 2266 probant
1025 2191 1105 2266 quod
1133 2194 1222 2269 posui
1251 2191 1424 2252 Casinatem

95 2290 214 2350 titulum
238 2290 304 2350 eius
324 2291 420 2368 ipsius
443 2291 499 2350 riri
521 2308 597 2364 esse,
619 2291 703 2350 cuius
726 2300 772 2350 est
793 2291 941 2368 Aquinas
985 2289 1070 2364 Quae
1089 2291 1230 2353 differunt
1250 2294 1325 2355 haec
1346 2301 1425 2354 sunt.

95 2390 232 2452 Primum
257 2392 368 2468 legatio
394 2391 570 2452 Pannoniae
595 2391 747 2450 inferioris
774 2411 793 2450 a
818 2390 953 2452 Casinati
982 2393 1090 2452 afuerit
1116 2413 1238 2455 necesse
1264 2403 1325 2468 est,
1358 2414 1426 2454 curu

96 2492 157 2552 r.2
178 2493 222 2551 in.
251 2493 382 2568 spatium
409 2492 503 2570 <quod
530 2512 584 2571 per
608 2513 637 2553 r.
654 2493 739 2552 2-7
761 2511 859 2569 capax
884 2502 931 2552 est
954 2492 1120 2554 litterarum
1146 2515 1166 2554 a
1190 2495 1228 2554 22
1256 2497 1296 2555 ad
1317 2495 1372 2573 25)
1398 2497 1427 2555 ei

95 2592 286 2672 recipiendae
312 2613 372 2654 non
395 2595 540 2667 sufficiat3
570 2593 623 2654 sed
645 2612 711 2654 cum
734 2594 764 2652 in
785 2594 932 2672 Aquinati
953 2594 985 2653 id
1006 2595 1136 2654 cllidum
1158 2598 1291 2656 omnium
1312 2605 1427 2673 postre-

96 2713 176 2753 mum
205 2695 261 2767 sit,
288 2695 364 2754 nihil
389 2696 490 2753 obstat
516 2695 678 2773 quominus
701 2693 832 2755 Sabinus
854 2695 885 2752 id
906 2697 1055 2775 acceperit
1075 2705 1146 2773 post
1167 2698 1335 2757 dedicatum
1357 2698 1428 2757 titu-

95 2795 155 2854 lum
178 2795 364 2855 Casinatem.
409 2794 537 2856 Comitis
557 2797 689 2876 Augusti
710 2796 843 2856 officium
865 2815 932 2856 cum
955 2795 1083 2858 Casinas
1103 2798 1157 2870 ibi,
1181 2798 1232 2857 ubi
1252 2798 1352 2858 locum
1373 2799 1428 2857 ha·

97 2898 147 2956 bet
171 2897 204 2955 in
234 2896 395 2973 Aquinati,
423 2916 483 2955 non
512 2897 664 2971 admittat,
690 2907 770 2957 recte
798 2897 838 2956 ibi
867 2897 1009 2958 inseritur
1035 2897 1098 2958 r.2
1126 2898 1304 2978 incipiente,
1331 2918 1429 2976 neque

97 2999 235 3076 ignotum
255 3003 302 3058 eat
322 2997 354 3056 id
375 2997 507 3057 officium
529 2999 619 3059 modo
640 3000 670 3058 in
691 2999 760 3077 ipso
782 2998 886 3057 ordine
900 2999 1046 3059 honorum
1061 3000 1100 3059 ad
1114 3007 1233 3078 tempus
1248 3002 1429 3079 digestorum

98 3099 256 3172 collocari,
282 3099 372 3158 modo
400 3111 486 3160 extra
510 3101 646 3160 ordinem
672 3109 741 3159 ante
767 3101 895 3159 honores
916 3100 1046 3160 minores
1069 3101 1106 3159 ad
1129 3103 1300 3179 exemplum
1322 3119 1430 3163 consu·

97 3201 175 3260 latus
201 3200 410 3276 maiorumque
436 3202 670 3261 sacerdotiorum
679 3199 720 3279 ²).
763 3201 904 3276 Denique
925 3199 1006 3276 quod
1028 3201 1156 3278 scriptor
1177 3200 1307 3262 Casinas
1328 3203 1431 3263 omisit

98 3319 198 3360 curam
223 3301 267 3360 rei
282 3301 419 3378 publicae
434 3301 694 3377 Ocriculanorum,
715 3303 855 3379 Aquinas
876 3301 1056 3378 legationem
1070 3302 1245 3362 Africanam
1266 3313 1297 3362 et
1317 3304 1430 3362 sevira-

98 3413 159 3461 tum
180 3403 316 3479 equitum
337 3401 552 3476 Romanorum,
574 3404 704 3463 honores
726 3403 758 3462 hi
780 3421 819 3462 ex
840 3420 964 3463 numero
986 3422 1090 3462 eorum
1112 3409 1191 3475 sunt,
1212 3404 1317 3480 quiin
1338 3421 1430 3463 cursu

98 3504 247 3562 honorum
274 3504 486 3577 describendo,
514 3505 645 3564 maxime
672 3505 760 3564 tertio
787 3505 921 3577 saeculo,
947 3503 1036 3562 modo
1062 3512 1213 3581 ponuntur
1233 3505 1322 3564 modo
1344 3505 1431 3563 omit-

99 3613 210 3663 tuntur.
248 3603 411 3664 Praeterea
431 3605 533 3664 omnia
553 3605 736 3683 respondent
756 3623 811 3666 uec
831 3624 901 3664 raro
923 3604 998 3663 alter
1019 3605 1124 3663 titulus
1147 3605 1273 3664 alterum
1292 3605 1430 3664 illustrat.

180 3705 273 3765 Addo
299 3706 347 3766 his
376 3705 494 3766 duobus
521 3707 617 3767 titulis
644 3707 766 3766 tertium
792 3708 924 3765 nondum
952 3706 1080 3779 editum,
1107 3707 1251 3784 scriptum
1276 3707 1310 3765 in
1336 3707 1430 3766 frusto

100 3807 219 3866 tabulae
246 3825 431 3866 marmoreae
455 3816 591 3886 repertae
616 3808 657 3866 ad
685 3809 787 3868 urbem
811 3807 938 3867 Roman
965 3808 996 3866 in
1023 3809 1203 3868 coemeterio
1225 3807 1343 3885 aliquo,
1370 3825 1431 3867 ser·

100 3919 186 3968 eatae
214 3908 303 3967 hodie
327 3908 406 3969 inter
430 3908 563 3986 reposita
588 3909 684 3969 musei
705 3907 936 3981 Lateranensis,
963 3909 1014 3968 ubi
1040 3909 1190 3987 descripta
1211 3923 1259 3969 est
1279 3928 1298 3967 a
1318 3909 1433 3968 Rossio

101 4019 129 4067 et
149 4009 306 4069 Henzeno.
458 3994 712 4153 Μαι
753 4029 793 4080 ua.
830 4037 895 4079 praa
929 4025 1013 4078 afram

511 4126 607 4169 rane
620 4127 682 4168 ursa
691 4127 755 4169 raus.
769 4129 840 4170 cauas
852 4134 879 4170 a.
889 4130 922 4180 pt
932 4127 952 4170 s.
962 4139 983 4179 q.
993 4127 1012 4169 s.

512 4226 621 4271 sevino
640 4227 771 4270 ·'l'armm·.
817 4233 909 4280 φασιν.
950 4227 1013 4269 astro

596 4327 735 4371 srurroar
750 4328 873 4371 saeternae

512 4411 541 4471 C
577 4433 586 4449 ·
621 4411 678 4472 lV

512 4514 536 4573 L
558 4513 581 4572 E
602 4512 635 4573 0

104 4615 182 4675 Nam
205 4633 330 4674 munera
349 4625 382 4674 ct
401 4633 456 4693 per
477 4631 511 4674 aa
531 4613 684 4674 rarissima
704 4631 758 4673 nec
772 4613 845 4674 alibi
858 4614 903 4672 ita
918 4613 1041 4672 iunctim
1055 4611 1210 4672 redeuntia
1223 4610 1302 4669 hunc
1316 4627 1434 4690 quoque

103 4717 201 4777 eidem
222 4716 338 4776 homini
359 4715 541 4776 adiudicant.

181 4881 207 4944 ι)
234 4883 294 4949 Egit
310 4883 344 4934 da
362 4883 506 4950 lumento
525 4899 557 4934 eo
569 4881 725 4948 Borghesius
739 4897 800 4948 opp.
814 4883 839 4944 b,
853 4883 915 4945 395,
936 4882 1025 4948 quiin
1043 4882 1100 4946 ipso
1118 4881 1248 4947 principio
1266 4895 1355 4932 reram
1374 4894 1434 4945 sup·

102 4973 262 5036 plemeatem
285 4974 395 5026 leliriter
417 4981 548 5026 ”secutus
572 4974 675 5025 titulum
699 4980 769 5024 recte
793 4973 861 5024 dixit
884 4975 1012 5040 pertinere
1037 4973 1070 5024 ad
1094 4979 1195 5038 tempus
1221 4973 1370 5023 caracallas
1395 4971 1435 5020 rel

104 5063 262 5115 Alexandri.
298 5066 386 5117 llinus
404 5066 515 5118 feliciter
532 5066 669 5117 Heazenus
687 5065 705 5116 l.
719 5081 741 5117 c.
760 5072 786 5116 et
803 5079 851 5130 ago
871 5061 1039 5130 (solmam
1058 5065 1083 5128 2,
1100 5064 1163 5125 lea)
1181 5079 1241 5116 euna
1258 5063 1436 5115 rettuleramus

104 5153 138 5204 ad
156 5161 270 5206 aetatem
287 5157 379 5208 llarcl.

184 5243 212 5308 ²)
240 5247 307 5299 Vide
326 5261 391 5314 quae
410 5247 467 5300 dixi
485 5247 598 5301 Hermae
615 5246 784 5307 rol.l.128.

1192 5333 1231 5393 91
